3525 5342
720 411 942 476 ,45-

191 595 222 650 in
246 595 319 651 anni
341 594 536 668 temporibus.
584 594 771 669 Quamquam
796 595 946 652 derebus
970 594 1153 669 quibusdam
1176 593 1387 652 subtilioribus
1403 595 1470 669 ipse

192 683 291 740 adhuc
321 683 442 740 dubitat
466 681 512 759 (ci.
530 678 548 761 ξ
565 682 601 742 8:
632 681 661 742 εἰ
681 679 727 761 μὴ
752 680 814 759 ἀρα
838 680 1003 762 συμβαίνει
1024 680 1105 759 mlh
1136 683 1241 759 itaque
1271 683 1351 740 hanc
1374 701 1469 759 quae·

192 772 323 829 stionem
348 771 511 828 diiudicare
535 789 595 829 non
620 771 713 829 audet
736 771 870 829 scribens
895 768 991 851 §10:
1013 768 1070 838 τὰς
1091 769 1150 850 μὲν
1173 767 1231 831 οὗν
1253 769 1400 850 αὐξήσεις
1422 770 1471 850 εἴη

190 856 251 938 μὲν
280 859 319 919 ἂν
343 857 537 939 ἀμφοτέρως
560 857 751 939 συμβαίνειν,
784 858 822 920 οὐ
845 857 911 939 μὴν
935 857 1013 920 ἀλλά
1037 856 1087 920 διὰ
1110 857 1207 920 ταῦτά
1230 881 1265 938 γε
1286 857 1408 939 μᾶλλον
1431 859 1472 919 ἀν

191 969 235 1016 τις
258 946 344 1009 ὅλων
365 950 430 1009 τῶν
454 945 599 1027 δένδρων
621 945 661 1028 [ἢ]
681 947 893 1028 μεριζομένας
908 946 1131 1028 ὑπολαμβάνοι
1147 946 1294 1027 γίνεσθαι.
1334 950 1363 1007 cf
1378 950 1471 1006 etiam

303 1127 386 1197 Quae
418 1143 485 1184 cum
516 1127 562 1184 ita
593 1127 663 1194 sint,
698 1127 812 1184 offendi
842 1144 903 1185 non
927 1127 998 1184 licet
1020 1144 1065 1195 eo,
1096 1129 1177 1202 quod
1201 1128 1282 1202 apud
1306 1127 1471 1184 Varronem

193 1232 305 1284 eorum,
340 1233 418 1291 quae
443 1217 597 1274 auctorem
620 1215 808 1291 impugnant,
837 1216 1057 1274 nihilomnino
1081 1216 1198 1291 legitur.
1244 1217 1319 1273 Tam
1342 1216 1472 1274 subtiles

192 1305 271 1362 enim
293 1322 342 1362 res
367 1308 524 1379 excerptor
546 1305 628 1362 haud
653 1304 742 1362 dubie
766 1305 921 1379 neglegere
945 1305 1046 1379 potuit
1069 1323 1105 1363 eo
1129 1305 1236 1380 magis,
1269 1306 1349 1380 quod
1372 1305 1470 1362 Theo-

192 1393 337 1468 phrastus
361 1393 427 1468 ipse
451 1395 604 1468 postremo
628 1394 699 1450 huic
724 1393 858 1468 opinioni
874 1395 1098 1469 quodammodo
1115 1395 1289 1453 assentitur.
1328 1394 1386 1451 Sed
1403 1411 1471 1450 oum

193 1473 296 1540 eadem
329 1482 420 1540 etiam
451 1482 533 1557 apud
565 1483 692 1541 alterum
716 1484 868 1557 quendam
892 1483 1033 1557 exposita
1056 1483 1176 1551 fuerint,
1210 1484 1301 1542 etiam
1325 1483 1373 1540 hic
1396 1482 1473 1539 alter

193 1572 323 1645 scriptor
345 1574 453 1629 auctor
478 1567 662 1650 „Varronis“
690 1589 757 1629 esse
781 1574 892 1646 potest.

303 1660 337 1717 V.
354 1660 435 1720 146:
470 1663 611 1738 „propter
642 1661 729 1718 cuius
762 1661 843 1718 modi
874 1677 922 1718 res
933 1658 955 1737 ¹)
987 1661 1165 1718 admiranda
1195 1661 1369 1718 discrimina
1400 1663 1473 1717 sunt

193 1751 320 1806 naturae
345 1748 471 1824 aliquot,
497 1766 535 1806 ex
559 1749 740 1823 quibusdam
764 1749 845 1807 foliis
869 1752 992 1825 propter
1015 1766 1117 1806 eorum
1140 1766 1308 1818 versuram,
1333 1750 1414 1825 quod
1432 1749 1473 1806 sit

194 1837 267 1895 anui
290 1841 420 1912 tempus,
450 1841 487 1895 ut
509 1837 567 1895 dici
590 1838 698 1912 possit,
724 1841 759 1895 ut
782 1839 850 1896 olea
873 1841 904 1895 et
926 1839 1058 1913 populus
1082 1838 1154 1896 alba
1177 1841 1208 1895 et
1230 1839 1318 1896 salix.
1364 1839 1471 1896 horum

193 1927 271 1984 enim
301 1926 377 1984 folia
408 1943 475 1984 cum
507 1929 719 1984 converterunt
751 1945 797 1995 se,
832 1927 998 1985 solstitium
1021 1927 1131 1984 dicitur
1153 1928 1257 1985 fuisse.
1292 1945 1347 1984 nec
1371 1927 1473 1984 minus

194 2016 410 2083 admirandum,
437 2015 517 2090 quod
540 2016 577 2072 111
600 2017 631 2073 in
654 2016 792 2084 floribus,
818 2033 896 2091 quos
920 2019 1034 2074 vocant
1056 2016 1239 2091 heliotropia
1262 2017 1364 2082 abeo,
1390 2015 1471 2090 quod

193 2105 231 2161 ad
255 2104 331 2162 solis
355 2108 454 2162 ortum
477 2122 565 2161 mane
590 2107 731 2179 spectant
754 2106 873 2162 eteius
897 2105 954 2162 iter
976 2106 1021 2162 ita
1043 2108 1188 2163 secuntur
1202 2106 1241 2162 ad
1259 2122 1411 2170 occasum,
1437 2107 1472 2160 ut

193 2194 230 2250 ad
255 2211 324 2250 eum
348 2210 465 2267 semper
488 2189 655 2269 spectent'·‘.

304 2282 356 2339 Th.
374 2300 398 2340 c.
414 2281 453 2357 pl.
469 2282 604 2350 1119,1:
628 2279 688 2341 ὅσα
713 2278 748 2342 δὲ
770 2278 861 2341 ποινὰ
886 2281 998 2359 γένους
1019 2279 1102 2349 τινὸς
1124 2282 1144 2361 ἡ
1168 2280 1222 2342 καὶ
1244 2279 1400 2342 πλειόνων
1424 2278 1472 2360 μὴ

193 2367 360 2448 ὁμογενῶν
391 2368 460 2431 οἷον
489 2367 525 2430 τὸ
554 2369 696 2449 στρέφειν
719 2367 756 2430 τὰ
780 2367 883 2450 φύλλα
906 2367 963 2450 τὴν
986 2368 1123 2450 φιλύραν
1146 2369 1200 2431 καὶ
1222 2367 1277 2451 τὴν
1301 2368 1395 2431 ἐλάαν
1417 2367 1473 2430 καὶ

192 2455 248 2537 τὴν
278 2457 409 2541 πτελέον
438 2463 504 2527 ταῖς
533 2463 665 2536 τροπαῖς
695 2463 761 2526 ταῖς
791 2457 932 2537 θεριναῖς
1033 2459 1067 2520 ἐν
1097 2459 1195 2520 ἅπασι
1224 2457 1279 2519 καὶ
1308 2461 1473 2538 πανταχοῦ

193 2546 303 2627 κοινήν
333 2568 400 2608 τινα
432 2547 531 2609 αἰτίαν
562 2545 760 2627 ὑποληπτέον
791 2545 877 2610 εἶναι.
924 2550 961 2607 ci.
977 2550 1006 2607 h.
1022 2550 1061 2624 pl.
1078 2550 1200 2617 11111,
1233 2550 1285 2607 ubi
1316 2551 1474 2624 praeterea

192 2634 289 2717 λεύκὴ
322 2637 503 2695 nominetur.
526 2671 571 2678 —
594 2655 617 2695 c.
635 2638 826 2712 p1.1119,5:
858 2633 971 2717 πάσχει
1004 2634 1039 2698 δέ
1067 2659 1095 2697 τι
1122 2636 1343 2717 παραπλήσιον
1369 2635 1474 2715 τοίπῳ

193 2723 246 2786 καὶ
276 2728 341 2786 τῶν
365 2724 477 2787 ἀνδῶν
499 2723 601 2786 πολλὰ
624 2724 701 2787 καθ’
725 2725 868 2806 ἡμέραν·
882 2723 931 2786 ἀεὶ
954 2723 1015 2805 γὰρ
1038 2726 1303 2806 συμπεριφέρεται
1324 2731 1371 2805 τῷ
1393 2723 1474 2804 ἡλίῳ

193 2813 324 2875 νεύοντα
347 2812 402 2874 καὶ
425 2812 603 2893 ἐγκλίνοντα
627 2812 710 2895 πρὸς
732 2813 835 2876 αὐτόν.
881 2816 1009 2874 Plantae
1032 2817 1171 2891 singulae
1194 2834 1255 2874 non
1271 2817 1472 2874 nominantur.

194 2938 235 2945 —
260 2905 288 2962 h.
305 2903 524 2980 pl.V1115,1:
549 2901 608 2964 ὅσα
633 2901 667 2964 δὲ
689 2901 745 2971 τὰς
767 2902 918 2983 ἀνθήσεις
937 2901 1135 2984 λαμβάνουσι
1151 2902 1393 2966 ἀκολουθοῦντα
1408 2907 1474 2970 τοῖς

193 2991 319 3072 ἄστροις
343 2989 410 3052 οἷον
432 2989 469 3052 τδ
491 2990 691 3072 ἡλιοτρόπιον
713 2990 914 3072 καλούμενον
936 2991 990 3053 καὶ
1012 2991 1031 3053 δ
1054 2991 1316 3073 σκόλυμος.ἅμα
1331 2989 1392 3071 γὰρ
1406 2995 1474 3058 ταῖς

192 3085 324 3160 τροπαῖς
345 3079 400 3141 καὶ
423 3075 523 3150 οὗτος,
548 3080 589 3141 έτι
613 3078 647 3142 δὲ
661 3078 697 3142 τὸ
713 3079 895 3161 χελιδόνιον,
919 3080 972 3142 καὶ
988 3080 1049 3162 γὰρ
1064 3087 1156 3143 τοῦτο
1173 3082 1239 3162 ἅμα
1255 3088 1302 3160 τῷ
1316 3079 1474 3161 χελιδονίᾳ

194 3168 292 3230 ἀνδεῖ.
315 3203 359 3212 -
383 3171 463 3228 Inter
493 3172 550 3229 hos
580 3171 666 3229 locos
690 3189 727 3228 ea
749 3173 908 3230 intercedit
931 3172 1107 3241 similitudo,
1140 3173 1221 3248 quod
1244 3171 1473 3246 Theophrastus

195 3261 294 3334 priore
318 3259 384 3317 loco
410 3257 443 3334 (c.
461 3259 649 3336 p1.1119‚1>
681 3261 762 3318 sicut
784 3261 880 3318 Varro
905 3261 1046 3319 arborum
1068 3261 1151 3318 ioliis
1174 3260 1315 3318 tractatis
1338 3259 1410 3316 item
1434 3259 1472 3315 ad

193 3349 286 3407 flores
310 3349 422 3406 transit
445 3350 483 3406 ad
507 3350 633 3407 eandem
656 3367 718 3406 rem
741 3350 869 3424 denique
894 3345 949 3428 §5
974 3350 1162 3423 perveniens,
1188 3351 1224 3406 de
1248 3366 1310 3423 qua
1329 3348 1360 3404 in
1376 3347 1472 3404 helio-

195 3437 296 3512 tropio
328 3438 410 3512 apud
433 3437 598 3495 Varronem
630 3438 737 3512 agitur.
785 3438 974 3512 Quamquam
997 3438 1056 3495 hoc
1078 3456 1139 3496 non
1162 3439 1208 3494 ita
1230 3436 1358 3494 multum
1381 3436 1472 3493 valet.

195 3527 261 3597 Quo
286 3527 412 3589 accedit.
438 3526 519 3602 quod
544 3527 582 3584 ab
607 3527 704 3584 altera
726 3528 811 3600 parte
834 3525 918 3583 tiliae
942 3529 973 3583 et
995 3526 1068 3583 ulmi
1092 3527 1158 3585 loco
1174 3527 1271 3583 Varro
1295 3525 1419 3583 salicem
1441 3525 1472 3582 in

194 3616 279 3674 fonte
311 3615 434 3673 invenit.
481 3615 564 3685 Quae
598 3632 665 3673 cum
696 3616 742 3673 ita
765 3615 835 3683 sint,
867 3615 1077 3672 difficillimum
1100 3619 1148 3673 est
1171 3615 1346 3680 diiudicatu,
1372 3617 1473 3671 utrum

194 3705 252 3762 hoc
285 3703 352 3762 loco
377 3703 606 3778 Theophrastus
631 3721 670 3762 an
694 3703 770 3762 alter
793 3703 923 3778 scriptor
946 3708 981 3763 ut
1004 3707 1111 3762 auctor
1133 3705 1164 3761 111
1189 3721 1312 3761 censum
1336 3700 1474 3779 veniatfl)

193 3843 406 3854 ——===————-

302 3911 320 3980 ¹)
339 3912 432 3966 Verba
459 3915 588 3981 ,propter
612 3911 690 3966 cuius
715 3912 791 3965 modi
815 3917 874 3966 res“
904 3913 1033 3982 spectant
1057 3912 1123 3965 anni
1145 3915 1273 3981 tempora
1290 3912 1319 3965 in
1337 3912 1473 3981 virgultis,

196 3982 285 4036 solem
309 3983 338 4036 in
363 3982 508 4047 radicibus,
536 3983 693 4052 plantarum
718 3985 847 4036 naturam
870 3983 900 4036 in
924 3983 1036 4046 eisdem,
1061 3983 1129 4036 item
1151 3987 1261 4038 terram.
1298 3983 1387 4037 Nemo
1406 4000 1473 4037 vero

195 4069 252 4106 uon
277 4053 363 4108 sentit
389 4023 591 4108 sententiarum
609 4054 734 4108 ordinem
753 4055 832 4124 quasi
850 4053 977 4108 hiantem
995 4053 1048 4107 hac
1065 4055 1174 4108 ratione
1192 4054 1345 4109 artificiose
1363 4056 1474 4109 tantum

196 4125 362 4179 conservari.
400 4125 498 4195 Itaque
517 4127 550 4177 ut
567 4126 653 4178 verba
674 4127 741 4188 ,sub
760 4130 835 4178 terra
854 4127 923 4179 etc.“
951 4125 1024 4179 male
1043 4125 1189 4179 interiecta
1207 4141 1269 4180 esse
1288 4127 1415 4192 vidimus,
1434 4126 1475 4178 its

196 4194 266 4250 haec
290 4212 347 4249 non
372 4197 464 4250 minus
488 4195 561 4249 male
586 4196 717 4249 adiuncta
741 4199 814 4251 sunt.
839 4196 1033 4278 Perspicuum
1057 4199 1152 4250 autem
1177 4197 1269 4250 denuc
1289 4199 1333 4252 est
1351 4167 1475 4250 auctoris

197 4267 319 4321 studium
337 4267 474 4320 afferendi
495 4283 578 4337 quam
596 4267 728 4336 plurimas
746 4281 790 4320 res
808 4267 900 4322 miras
938 4269 973 4321 cf
986 4283 1012 4336 p.
1025 4266 1069 4333 43,
1088 4267 1215 4322 adnot2

303 4338 321 4407 q
341 4337 419 4391 Illam
438 4337 625 4408 Theophrasti
643 4337 803 4406 heliotropii
821 4339 941 4392 nominis
961 4338 1176 4408 explicationem
1189 4339 1286 4403 Varro,
1306 4339 1408 4420 quippe
1427 4337 1474 4418 qui

197 4409 385 4479 etymologiae
412 4411 561 4479 tantopere
590 4425 702 4491 operam
731 4409 845 4464 dederit.
874 4409 984 4464 silentio
1013 4412 1088 4463 certe
1111 4426 1168 4464 non
1187 4380 1425 4490 praetermisisset
1450 4407 1474 4461 si

197 4495 258 4532 eam
284 4481 419 4545 novisset,
448 4480 476 4533 id
504 4483 555 4545 est,
585 4481 608 4534 si
626 4478 885 4562 Theophrastum
877 4496 969 4550 ipsum
993 4480 1115 4563 legisset
1153 4482 1232 4547 Quod
1257 4480 1331 4534 haud
1357 4480 1414 4532 scio
1437 4495 1474 4532 an

196 4567 277 4605 nemo
296 4553 390 4620 neget,
448 4567 579 4622 amquam
592 4554 667 4606 certe
679 4551 788 4604 Varro
780 4567 809 4604 111
822 4552 989 4616 universum,
1009 4568 1081 4633 quae
1093 4552 1122 4605 in
1134 4552 1295 4606 auctoribus
1308 4552 1473 4620 discrepent

197 4637 253 4676 uon
271 4623 399 4676 adnotat.
384 4567 595 4692 Qentilhusil
598 4622 634 4676 ..l
579 4623 674 4692 (lp
690 4621 748 4687 122)
768 4622 839 4676 haec
857 4639 915 4676 non
934 4623 1098 4678 curavit-
1063 4638 1191 4692 ge-op
1205 4622 1301 4687 IX2,3
1319 4621 1474 4675 aVarrone

198 4694 330 4748 recedunt
355 4693 467 4747 easdem
491 4695 605 4748 arbores
629 4697 715 4764 atque
733 4693 946 4764 Theophrastus
970 4694 1069 4748 ecdem
1094 4694 1190 4748 ordine
1214 4695 1300 4764 atque
1319 4691 1364 4746 hic
1388 4693 1422 4762 (h
1436 4692 1473 4762 pl.
