3525 5342
819 379 1041 444 „40-

294 563 327 622 V.
343 562 415 622 ibid.
436 565 468 621 2:
496 563 690 639 „pampinare
792 557 931 628 sucum“,
956 579 1025 620 cunr
1048 562 1201 621 artissime
1224 580 1292 620 cum
1315 563 1364 621 his
1387 564 1571 621 cohaereant

291 654 323 709 ot
345 651 403 710 loci
420 651 618 726 Theoprastei
634 650 667 727 (c.
684 652 722 725 pl.
739 651 777 709 lll
796 651 845 718 14,
860 650 956 728 7-8)
972 651 1030 709 has
1046 669 1095 709 res
1111 651 1280 727 spectantis
1295 669 1422 726 prorsus
1445 651 1507 710 alia
1528 653 1571 711 sit

291 741 417 809 indoles,
455 741 586 799 indidem
619 741 771 798 fluxerint
817 739 917 798 Locus
951 758 972 798 a
1001 739 1143 799 Gentillio
1179 740 1294 799 allatus
1326 739 1360 815 (c.
1381 739 1569 816 pl.1115,5)

292 829 367 887 nihil
390 829 480 887 valet.

405 919 436 976 V.
452 918 540 988 1,38,
558 919 588 978 1:
634 920 771 997 „stercus
803 917 948 992 optimum
987 917 1093 975 scribit
1130 935 1200 976 esse
1237 917 1363 976 Cassius
1401 917 1569 976 volucrium

291 1010 410 1081 praeter
433 1007 615 1082 palustrium
639 1025 675 1064 ac
698 1007 850 1064 nautium:
887 1007 1031 1064 dehisce
1061 1009 1217 1080 praestare
1241 1006 1455 1074 columbinum,
1488 1006 1570 1082 quod

291 1096 333 1154 sit
356 1096 574 1154 calidissimum
607 1114 643 1153 ac
673 1095 853 1153 fermentare
883 1096 983 1169 possit
1012 1098 1122 1153 terram
1146 1139 1152 1152 .
1177 1139 1184 1154 .
1209 1139 1216 1152 .
1245 1095 1372 1154 Cassius
1403 1096 1570 1154 secundum

290 1184 495 1243 columbinum
519 1184 624 1242 scribit
645 1201 715 1242 esse
737 1184 878 1249 hominis,
902 1184 991 1242 tertio
1007 1184 1163 1259 caprinum
1186 1187 1218 1243 et
1233 1184 1359 1243 ovillum
1382 1186 1413 1242 et
1427 1185 1568 1252 asinium,

291 1274 410 1332 minime
433 1276 546 1332 bouum
570 1273 721 1348 equinum,
755 1273 864 1331 sedin
895 1275 1029 1348 segetes:
1064 1273 1096 1331 in
1119 1275 1208 1348 prata
1238 1273 1317 1332 enim
1340 1272 1389 1331 vel
1412 1274 1568 1346 optimum,

220 1405 224 1410 -
290 1366 325 1420 ut
348 1366 513 1421 ceterarum
536 1363 747 1430 veterinarum,
782 1380 860 1438 quae
891 1362 1003 1420 hordeo
1035 1364 1210 1436 pascuntur,
1243 1362 1324 1438 quod
1348 1361 1473 1420 multam
1495 1363 1571 1420 facit

291 1446 445 1510 herbam“.

400 1540 531 1598 Prorsus
571 1540 663 1597 eham
702 1540 842 1598 stercoris
881 1539 998 1598 scalam
1036 1540 1183 1615 Theophr.
1206 1540 1298 1598 affert
1327 1541 1355 1598 h
1379 1540 1418 1614 pl.
1442 1540 1514 1609 117,
1532 1541 1569 1598 4:

291 1625 462 1707 ὄριμυτάτη
487 1625 522 1688 δὲ
545 1626 564 1707 ἦ
588 1631 644 1688 τοῦ
675 1625 854 1708 ἀνθρώπων
887 1628 939 1705 (sc.
954 1625 1087 1707 κόπρος)
1101 1645 1107 1656 ·
1120 1626 1271 1707 καθάπερ
1301 1626 1355 1688 καὶ
1377 1625 1570 1708 Χαρτάόρος

291 1715 419 1797 ἀρίστην
442 1714 502 1796 μὲν
525 1714 640 1797 ταύτην
664 1713 743 1777 εἶναί
762 1737 850 1796 φησι,
875 1714 1025 1796 δευτέραν
1041 1714 1076 1777 δὲ
1099 1714 1155 1796 τὴν
1174 1715 1271 1787 ὑείαν,
1293 1717 1397 1797 τρίτην
1413 1715 1449 1778 δὲ
1471 1715 1569 1796 αἰγὸς,

290 1803 438 1885 τετάρτην
464 1803 500 1866 δέ
514 1804 688 1886 προβάτου,
711 1804 857 1884 πέμπτην
881 1802 917 1866 δὲ
938 1803 1143 1885 βοάς,’ἕκτην
1167 1803 1202 1868 δὲ
1224 1803 1281 1886 τὴν
1302 1805 1487 1886 λοφούρων.
1532 1808 1569 1864 ci.

218 1927 221 1936 ·
290 1895 517 1969 ammuh

401 1983 581 2052 v.159,3:
624 1984 756 2062 „punica
778 1985 859 2043 mala
882 1987 921 2041 et
951 1985 991 2042 in
1021 1986 1179 2042 harena
1207 1985 1283 2042 iam
1307 1986 1502 2059 decerpta
1524 2003 1570 2042 ac

290 2075 447 2130 matura
481 2075 520 2131 et
553 2073 678 2130 etiam
711 2073 945 2153 immatura,
981 2091 1049 2131 curu
1083 2074 1229 2132 haereant
1262 2074 1293 2131 in
1328 2091 1387 2132 sua
1420 2074 1507 2146 virga
1540 2077 1570 2131 ot

289 2161 445 2218 demiseris
477 2161 508 2218 in
539 2161 631 2220 ollam
666 2162 750 2220 sine
785 2162 924 2228 iuudo,
965 2175 1062 2238 eaque
1095 2163 1122 2220 si
1156 2163 1299 2220 coieceris
1333 2163 1365 2220 in
1394 2166 1506 2220 terram
1540 2165 1571 2220 et

290 2250 426 2309 obleris
451 2251 584 2309 circum
608 2268 753 2318 ramum,
787 2269 829 2309 ne
853 2252 1085 2310 extrinsecus
1108 2251 1265 2325 spiritus
1293 2252 1423 2320 adflet,
1457 2269 1494 2309 ea
1508 2268 1570 2310 non

290 2338 381 2397 modo
405 2340 523 2412 integra
553 2339 651 2407 eximi,
686 2340 740 2398 sed
764 2341 855 2398 etiam
879 2341 1005 2407 maiora,
1038 2358 1130 2416 quam
1161 2341 1193 2397 in
1223 2342 1329 2398 arbore
1360 2357 1494 2415 unquam
1517 2359 1569 2415 pe-

291 2424 503 2504 pondernuel

402 2516 453 2574 Th.
471 2535 494 2574 c.
511 2516 550 2591 pl.
567 2517 594 2574 V
611 2519 639 2586 6,
657 2518 687 2574 l:
710 2512 748 2576 τά
765 2513 799 2577 δὲ
814 2519 880 2578 τῶν
895 2519 1032 2597 καρπῶν
1054 2515 1177 2597 μεγέθη
1201 2519 1266 2578 τῶν
1288 2516 1570 2597 κατορυττομένων

289 2603 324 2667 ἐν
347 2608 412 2672 ταῖς
434 2603 562 2684 χύτραις
585 2602 660 2666 ὅταν
683 2604 847 2683 κατάχωσι
868 2602 943 2674 τοὺς
965 2604 1154 2686 ἀκρεμόνας,
1178 2603 1247 2667 οἷον
1269 2604 1359 2686 ῥοῶν
1380 2603 1435 2667 καὶ
1456 2604 1570 2686 μήλων

288 2692 431 2771 εὐλόγως
454 2692 573 2772 γίνεται.
607 2692 642 2754 τό
662 2715 693 2755 τε
709 2692 769 2773 γὰρ
793 2691 857 2755 ὑπὸ
880 2699 935 2755 τοῦ
951 2693 1041 2775 ἡλίου
1064 2693 1188 2756 καὶτοῦ
1212 2693 1308 2774 ἀέρος
1329 2693 1570 2775 ἀφαιρούμενον

288 2781 309 2862 ἡ
334 2781 433 2863 χύτρα
455 2781 573 2844 κωλύει
595 2781 813 2862 ἀποστέγουσο
836 2781 892 2843 καὶ
913 2783 981 2863 ἅμα
1003 2782 1061 2864 τὴν
1083 2782 1119 2844 ἐκ
1146 2788 1202 2864 τῆς
1225 2788 1283 2863 γῆς
1304 2782 1386 2845 ἕλκει
1408 2782 1515 2845 νοτίάα
1539 2782 1572 2844 δι’

289 2867 329 2951 ἧς
350 2870 502 2952 τρέφεται.
549 2873 588 2931 Ut
614 2868 748 2952 „Varro“
773 2873 1014 2948 Theophrastum
1045 2874 1246 2949 exscripserit,
1281 2873 1348 2931 fieri
1375 2891 1437 2931 uon
1468 2874 1571 2948 potest

289 2964 457 3036 propterea,
490 2963 571 3037 quod
601 2962 671 3020 lons
695 2962 820 3020 eandem
851 2981 912 3020 rem
942 2963 1116 3021 accuratius
1148 2981 1184 3020 ac
1208 2962 1315 3020 mehus
1338 2963 1396 3020 hoc
1419 2962 1569 3036 exposuit

401 3051 500 3108 Primo
524 3051 658 3109 locorum
681 3068 787 3126 genere
811 3052 954 3110 absoluto
978 3053 1018 3109 ad
1041 3053 1208 3109 secuudum
1231 3068 1288 3109 uos
1312 3051 1524 3110 convertimus.

402 3139 435 3196 V.
452 3139 465 3197 I
485 3139 533 3208 16,
549 3141 581 3198 6:
620 3140 802 3198 Praedicans
827 3142 866 3198 ad
889 3141 975 3198 fundi
997 3140 1128 3198 fructum
1151 3141 1244 3198 etiam
1267 3141 1298 3197 id
1319 3141 1430 3208 valere,
1457 3141 1569 3215 quibus

290 3227 404 3303 plantis
420 3228 540 3287 vicinus
563 3247 634 3302 ager
650 3229 787 3287 consitus
811 3229 861 3296 sit,
879 3230 975 3286 Varro
1000 3229 1076 3308 haec
1091 3229 1189 3304 ponit:
1216 3230 1264 3308 „si
1287 3228 1366 3287 enim
1389 3229 1429 3286 ad
1444 3229 1570 3286 limitem

289 3319 489 3392 querquetum
512 3317 613 3385 habet,
639 3336 698 3376 uon
716 3318 819 3392 possis
842 3321 924 3376 recte
940 3318 1106 3376 secundum
1129 3335 1196 3375 eam
1212 3317 1322 3375 silvam
1345 3335 1443 3376 serere
1460 3318 1566 3384 oleam,

291 3407 372 3481 quod
396 3424 493 3481 usque
518 3424 553 3464 eo
585 3409 633 3464 est
664 3407 848 3464 contrarium
871 3409 991 3475 natura,
1027 3411 1063 3464 ut
1093 3408 1216 3464 arbores
1248 3423 1309 3463 non
1340 3406 1439 3464 solum
1469 3406 1569 3464 miuus

290 3495 400 3562 lerant,
427 3495 480 3552 sed
504 3495 595 3552 etiam
618 3495 746 3569 fugiant,
772 3499 808 3553 ut
823 3496 987 3554 introrsum
1010 3496 1040 3553 iu
1063 3495 1190 3553 fundum
1214 3513 1247 3554 se
1262 3495 1415 3563 reclinent,
1440 3497 1476 3552 ut
1497 3494 1570 3552 vitis

290 3583 394 3641 adsita
417 3584 456 3640 ad
480 3583 570 3642 holus
592 3583 691 3641 facere
715 3580 823 3642 solet“.

404 3672 456 3729 Th.
473 3673 500 3730 h.
518 3671 556 3747 pl.
574 3672 614 3729 IV
633 3673 715 3741 16,6
741 3673 852 3731 similia
874 3673 999 3747 profert:
1023 3671 1088 3733 ἔνια
1113 3669 1148 3732 δὲ
1168 3670 1207 3733 ού
1230 3670 1354 3750 φθείρει
1376 3669 1445 3750 μὲν,
1472 3669 1569 3750 χείρω

290 3756 327 3819 δὲ
350 3763 435 3819 ποιεῖ
454 3763 519 3827 ταῖς
542 3757 695 3839 δυνάμεσι
718 3764 782 3821 τῶν
804 3758 913 3839 χυλῶν
935 3758 990 3820 καί
1012 3763 1077 3822 τῶν
1092 3758 1205 3839 ὀσμῶν
1220 3759 1289 3822 οἷον
1311 3758 1495 3840 ἡράφανος
1516 3757 1570 3819 καὶ

291 3847 310 3927 ἡ
336 3845 472 3927 δάφνη
496 3845 552 3927 τὴν
575 3847 725 3928 ἄμπελον.
756 3847 986 3929 ὀσφραίνεσθαι
1009 3847 1071 3929 γάρ
1093 3869 1172 3928 φασι
1187 3847 1241 3909 καί
1263 3847 1370 3909 ἕλκειν.
1401 3846 1484 3909 δι’ὃ
1507 3845 1568 3916 καλ,

290 3934 366 3998 ὅταν
390 3934 408 3996 ὁ
430 3934 565 4017 βλαστὸς
586 3936 720 4018 πλησίον
744 3936 876 4018 γένηται,
909 3936 1002 3999 πάλιν
1032 3936 1238 4017 ἀναστρέφειν
1269 3935 1323 3998 καὶ
1345 3936 1500 4018 ἐκχωρεῖν
1524 3935 1570 4003 ὡς

289 4023 442 4105 πολεμίας
465 4025 563 4106 οὔσης
584 4031 639 4106 τῆς
662 4025 772 4106 ὀσμῆς.
819 4027 855 4086 ci.
873 4045 897 4086 c.
914 4027 952 4102 pl.
968 4027 995 4084 ΙΙ
1014 4028 1062 4096 18,
1077 4028 1110 4096 4;
1134 4045 1219 4102 geop.
1238 4028 1291 4086 Xll
1311 4028 1360 4096 17,
1374 4028 1425 4086 20.

402 4116 436 4174 V.
454 4115 466 4172 l
482 4116 534 4185 23,
549 4117 582 4174 2:
625 4117 754 4187 ,rectius
788 4117 866 4174 enim
890 4117 922 4174 in
944 4116 1080 4175 tenuiore
1107 4119 1188 4174 terra
1210 4135 1256 4184 ea,
1289 4134 1367 4192 quae
1390 4133 1451 4174 non
1475 4115 1569 4173 multo

290 4205 425 4279 indigent
449 4222 532 4274 suco,
565 4208 600 4263 ut
623 4206 754 4281 cytisum
777 4207 808 4262 et
830 4204 983 4279 legumina
1010 4208 1129 4280 praeter
1151 4206 1228 4264 cicer
1251 4203 1302 4280 (sc.
1327 4204 1476 4281 seruntur)
1500 4248 1507 4262 .
1532 4248 1538 4260 .
1563 4247 1569 4261 .

310 4449 315 4458 Ι
398 4378 415 4445 ¹)
435 4377 484 4431 His
501 4377 594 4432 verbis
612 4376 686 4431 idem
698 4377 855 4431 accuratius
874 4377 1031 4448 exponitur,
1051 4378 1194 4459 quodiam
1212 4380 1297 4459 autea
1315 4378 1363 4459 est
1371 4377 1486 4430 allatum
1502 4375 1569 4458 ibid.

290 4447 532 4585 illudit?
547 4447 926 4589 balbildllbllllb
939 4448 1141 4590 libelluli
1157 4448 1391 4574 deterret,
1407 4446 1571 4573 {bf-&bl

290 4593 442 4654 auctorem,
472 4606 506 4643 ex
525 4606 581 4716 qsuo
599 4590 710 4645 brevior
737 4590 807 4673 haec
825 4591 950 4674 eiusdem
977 4591 1119 4673 praecepti
1146 4589 1238 4645 forma
1257 4595 1308 4646 est.
1345 4590 1496 4644 Diiudicari
1512 4605 1570 4643 non

291 4663 394 4730 potest,
414 4663 508 4714 utrum
552 4677 614 4716 arro
633 4677 669 4715 an
689 4663 800 4718 Gassrus
819 4661 852 4718 D.
871 4664 1077 4733 ruterposuerrt.
