3525 5342
814 373 1036 437 „52-

394 556 526 614 Tertium
549 573 645 631 genus
670 573 707 613 ea
730 555 940 630 complectitur
954 555 1080 622 semina,
1101 571 1200 633 „quae
1216 571 1253 612 ex
1269 554 1428 612 arboribus
1444 554 1570 628 dempta

288 643 484 704 demittuntur
515 645 546 702 in
569 640 724 713 humum“,
758 644 807 702 vel
831 644 1005 702 accuratius
1036 644 1148 710 estid,
1183 643 1284 717 ,quod
1315 660 1353 701 ex
1383 644 1491 700 arbore
1514 659 1567 718 per

288 734 405 793 surclos
421 734 552 792 defertur
573 734 605 791 in
628 737 768 791 terramt.
816 733 899 803 Quae
922 730 1056 810 γενέσεις
1078 732 1279 806 Theophrasti
1303 732 1352 790 hic
1375 731 1438 789 sint
1459 749 1563 789 nume·

286 823 408 892 randae,
442 823 531 891 clare,
564 823 595 880 ni
627 822 725 890 fallor,
759 825 887 896 apparet
916 821 994 890 loeo,
1026 822 1079 896 qui
1109 823 1158 878 est
1184 839 1208 877 c.
1225 821 1264 895 pl.
1280 820 1365 887 14,3
1391 821 1427 878 de
1451 821 1564 878 ocimo:

256 971 261 984 ‚
287 910 340 972 καὶ
364 909 425 990 γὰρ
448 908 504 978 τὰς
527 908 720 989 ἀποφυτείας
742 908 778 970 έκ
801 912 865 970 τῶν
889 908 958 970 ἄνα)
983 907 1104 988 δέχεται
1126 907 1241 986 καίπερ
1265 906 1406 979 ξυλῶδες
1429 907 1475 969 ὄν.
1521 910 1565 966 lix

286 1001 388 1060 verbis
412 1001 490 1059 enim
513 998 636 1060 ἐκτῶν
660 997 729 1059 ἄνα)
753 999 857 1057 statim
880 1000 918 1056 iit
941 999 1125 1057 contrarium
1148 996 1183 1058 ἐκ
1206 1001 1271 1058 τῶν
1293 997 1392 1072 κάτα),
1416 995 1453 1058 τὰ
1477 996 1569 1058 κάτω-

287 1094 379 1148 antea
402 1092 475 1148 sunt
497 1091 639 1156 tractata,
664 1105 770 1163 nempe
794 1085 813 1167 ξ
833 1089 867 1146 l:
891 1085 931 1147 οὐ
953 1084 1019 1166 μὴν
1041 1084 1120 1147 ἀλλὰ
1143 1084 1197 1146 καὶ
1211 1084 1338 1154 πλείους
1352 1085 1410 1148 εἰσί
1424 1085 1479 1147 καὶ
1493 1084 1565 1147 τού-

286 1199 352 1240 των
377 1177 428 1254 (sc.
445 1176 598 1256 γενέσεις),
630 1171 653 1256 ᾖ
681 1174 716 1237 δὲ
746 1175 860 1237 ἕκαστα
890 1179 955 1236 τῶν
984 1174 1228 1255 προειρημένων
1259 1174 1440 1254 ἐφάπτεται,
1470 1174 1565 1254 ταύτῃ

288 1265 456 1346 διαιρετέον
469 1283 475 1296 ·
488 1263 557 1326 οίον
579 1262 633 1325 καὶ
655 1262 735 1345 ὑπὲρ
758 1261 796 1345 ἧς
819 1268 877 1326 νῦν
900 1263 1033 1344 λέγομεν
1054 1269 1109 1344 τῆς
1132 1261 1196 1324 ἀπὸ
1219 1267 1283 1324 τῶν
1299 1263 1406 1344 ῥιζῶν.
1444 1265 1516 1324 ibid.
1532 1265 1565 1322 2:

288 1355 349 1417 ἔστι
380 1353 415 1415 δέ
445 1375 538 1414 τινων
568 1351 621 1414 καὶ
653 1351 717 1414 ἀπὸ
747 1352 959 1433 παραστάδας
988 1352 1042 1414 καὶ
1072 1350 1137 1414 ἀπὸ
1158 1356 1223 1414 τῶν
1246 1352 1358 1433 ἄκρων
1380 1353 1490 1433 φυτεία
1513 1349 1566 1414 καί

287 1444 412 1523 γένεσις.
461 1439 505 1502 Τὰ
529 1441 617 1504 κάτω
641 1444 733 1518 igitur
755 1447 828 1526 sunt
851 1440 984 1522 γενέσεις
1007 1439 1071 1502 ἀπὸ
1095 1441 1184 1522 ῥίζης
1208 1447 1238 1500 et
1260 1439 1325 1503 ἀπὸ
1345 1440 1570 1520 παραστάδας,

287 1534 318 1591 id
342 1535 389 1590 est
412 1533 577 1591 secundum
600 1549 696 1607 genus
720 1532 950 1600 Varronianum,
977 1528 1014 1591 τὰ
1037 1530 1107 1592 ἄνω
1131 1535 1232 1590 autem
1255 1533 1305 1590 vel
1326 1527 1364 1591 τὰ
1387 1530 1471 1609 ἄκρα
1495 1535 1565 1589 sunt

288 1620 420 1700 γενέσεις
451 1617 515 1681 ἀπὸ
547 1618 727 1700 ἀκρεμόνας
754 1624 785 1678 et
812 1617 877 1680 ἀπὸ
900 1618 1034 1688 κλεινός.
1081 1621 1164 1679 Satis
1188 1621 1263 1679 scite
1286 1621 1378 1695 igitur
1399 1621 1566 1679 secundum

289 1727 325 1768 ac
354 1711 477 1768 tertiuin
499 1727 594 1784 genus
619 1714 692 1768 sunt
715 1713 843 1777 statuta,
877 1727 945 1767 cum
968 1711 1045 1785 ipsis
1069 1711 1270 1785 Theophrasti
1294 1710 1496 1768 divisionibus
1520 1710 1565 1765 ni·

287 1802 400 1869 tantur,
426 1817 463 1857 ac
486 1800 621 1874 profecto
646 1815 835 1873 summopere
859 1801 943 1857 esset
964 1799 1080 1868 mirum,
1107 1800 1193 1868 siis,
1223 1800 1277 1874 qui
1299 1802 1388 1857 tanta
1411 1799 1566 1872 diligentia

289 1888 532 1964 Theophrastum
563 1889 592 1946 in
624 1889 772 1946 seminum
796 1888 957 1961 generibus
981 1888 1155 1946 statuendis
1180 1891 1302 1946 secutus
1326 1891 1382 1955 est,
1408 1890 1447 1946 ab
1470 1889 1566 1945 altera

287 1981 373 2052 parte
397 1977 462 2035 eius
487 1979 649 2052 praecepta
671 1977 835 2034 miserrime
859 1977 969 2051 partim
992 1977 1175 2044 miscuisset,
1208 1977 1317 2052 partim
1346 1977 1434 2035 foede
1458 1977 1566 2051 depra

288 2067 435 2125 vavisset.
482 2066 596 2136 Quodsi
628 2063 762 2143 γενέσεις
785 2062 840 2124 ἀπ’
864 2063 1041 2125 αὐτοῦτοῦ
1063 2062 1228 2144 στελέχους
1250 2069 1281 2123 et
1304 2062 1368 2126 ἀπὸ
1390 2069 1447 2126 τοῦ
1471 2062 1565 2135 ξύλου

288 2153 523 2220 κατακοπέντας
545 2153 588 2221 εἷς
609 2152 709 2233 μικρά
734 2155 876 2212 omisisse
892 2155 1012 2213 videtur
1027 2187 1071 2196 -
1087 2155 1172 2212 nulla
1188 2155 1267 2212 enim
1282 2172 1385 2212 earum
1400 2155 1438 2212 fit
1453 2154 1566 2212 mentio

287 2262 384 2320 neque
407 2243 499 2302 ullius
523 2244 559 2301 de
582 2244 631 2301 his
655 2245 745 2302 rebus
769 2244 921 2319 praecepti
943 2244 1106 2318 vestigium
1129 2245 1233 2302 exstat
1255 2277 1298 2285 —
1322 2245 1379 2302 hoc
1403 2246 1483 2301 certe
1505 2259 1566 2300 non

287 2332 493 2407 neglegentia,
531 2332 583 2390 sed
621 2333 762 2391 consulto
797 2332 913 2390 factum
944 2336 1000 2390 es't
1053 2333 1186 2390 Primum
1221 2333 1299 2390 enim
1330 2333 1456 2390 huiusce
1487 2331 1571 2389 modi

289 2422 424 2480 sationes
455 2422 518 2479 fere
549 2438 609 2480 non
641 2422 782 2496 usurpari
812 2422 954 2479 videntur
983 2423 1043 2480 nisi
1072 2422 1104 2478 in
1135 2422 1250 2496 plantis
1277 2421 1443 2479 minoribns
1475 2424 1573 2496 atque-

287 2510 426 2568 herbosis
457 2543 502 2552 -
534 2528 571 2568 ex
603 2511 762 2569 arboribus
787 2511 865 2568 enim
889 2511 1118 2585 Theophrastus
1141 2527 1204 2568 non
1226 2511 1364 2568 nominat
1386 2510 1445 2568 nisi
1469 2510 1571 2568 oleam

290 2602 320 2658 et
342 2595 508 2676 murtum1)
539 2631 584 2641 -
614 2601 678 2656 tum
702 2599 816 2656 clarum
840 2601 889 2656 est
912 2617 964 2657 eas
988 2617 1056 2657 raro
1079 2601 1199 2657 tantum
1223 2601 1258 2657 ut
1281 2599 1358 2657 satis
1382 2599 1566 2656 artificiosas

290 2687 433 2756 adhiberi,
459 2688 490 2744 id
513 2688 594 2763 quod
618 2687 697 2745 idem
721 2687 951 2761 Theophrastus
974 2690 1107 2746 testatur
1129 2705 1153 2745 c.
1170 2689 1208 2763 pl.
1225 2688 1279 2756 1,4
1303 2685 1371 2767 §ek
1395 2682 1486 2747 οὗτοι
1507 2684 1569 2766 μὲν

288 2772 346 2838 οὖν
370 2774 446 2852 (scil.
463 2772 528 2835 ἀπὸ
551 2774 650 2855 ῥίζης,
674 2772 738 2835 ἀπὸ
761 2773 982 2854 παρασπάὸος,
1006 2773 1071 2836 ἀπὸ
1093 2778 1158 2836 τῶν
1173 2775 1253 2854 ἄνω)
1276 2773 1381 2836 κοιναί
1395 2773 1566 2836 πλειόνων·

288 2864 321 2925 αἱ
351 2861 386 2925 δέ
414 2867 552 2925 τοιαῦται
582 2861 637 2924 καί
667 2863 794 2924 σπάνιοι
824 2862 878 2924 καί
908 2862 1054 2932 ἐλάττους
1085 2862 1195 2943 ὥσπερ
1224 2869 1281 2944 τῆς
1310 2863 1482 2943 κρινωνίας
1512 2862 1566 2925 καί

289 2951 451 3032 ῥοδωνίος’
470 2950 524 3013 καί
547 2950 566 3013 ὁ
588 2949 707 3020 καυλὸς
730 2951 748 3012 ὁ
772 2950 911 3032 σχισθεὶς
934 2952 1045 3033 φύεται
1067 2952 1122 3014 καὶ
1143 2951 1339 3033 βλαστάνειῆ
1364 3000 1370 3015 .
1395 3000 1401 3015 .
1426 3001 1432 3014 .
1456 2951 1510 3014 καὶ
1531 2950 1568 3012 τό

288 3063 321 3102 τε
352 3039 558 3102 κατακόπτειν
587 3039 642 3101 καὶ
671 3041 867 3121 κατοσχίζειν
899 3040 1038 3120 εὔλογον.
1084 3043 1221 3119 Denique
1252 3045 1333 3119 quod
1364 3043 1480 3101 nullum
1503 3043 1567 3100 dis-

290 3133 400 3190 crimen
425 3133 552 3206 apparet
574 3131 652 3189 inter
676 3127 829 3209 ἀκρεμών
853 3134 883 3188 et
905 3128 992 3191 κλών
1016 3131 1075 3207 lille
1092 3132 1170 3189 enim
1186 3134 1235 3190 est
1248 3150 1352 3191 ramus
1367 3133 1501 3207 grandis,
1519 3131 1568 3189 hic

289 3219 439 3297 surculus)
463 3223 511 3278 est
533 3219 628 3287 locus,
654 3238 715 3294 quo
738 3238 775 3277 ne
799 3219 1029 3294 Theophrastus
1053 3222 1173 3296 quidem
1197 3221 1255 3279 hoc
1277 3221 1381 3279 faciat.
1427 3221 1567 3296 Legimus

289 3311 367 3367 euim
392 3327 415 3366 ο.
432 3309 471 3384 pl.
487 3309 500 3366 l
514 3309 540 3377 l,
553 3309 587 3367 3:
619 3305 678 3369 ὅσα
708 3305 768 3387 μέν
801 3306 862 3387 γὰρ
893 3305 975 3389 ξηρὰ
1003 3306 1057 3369 καί
1079 3313 1233 3389 μονοφυῆ
1255 3307 1309 3370 καὶ
1332 3307 1569 3388 ἀνταράβλαστα,

287 3397 372 3458 ταῦτ’
397 3395 557 3477 οὐδεμίαν,
582 3395 628 3464 ὡς
652 3395 755 3466 εἶπεῖν,
787 3395 907 3476 δέχεται
930 3396 1059 3477 φυτείαν
1082 3396 1154 3458 οὔτε
1177 3395 1243 3458 ἀπὸ
1265 3395 1477 3478 παραστάδας
1496 3395 1568 3458 οὔτε

289 3484 352 3548 ἀπὸ
384 3483 650 3566 ἀκρεμόνας·τὴν
677 3483 737 3565 μέν
767 3484 831 3546 ἀπὸ
862 3484 1074 3565 παρασπάόος
1102 3489 1150 3565 τῷ
1170 3484 1217 3566 μὴ
1242 3486 1324 3566 ἔχειν
1345 3484 1382 3548 τὰ
1405 3490 1568 3566 μονοφυῆ,

287 3573 344 3655 τὴν
376 3572 410 3636 δὲ
441 3571 505 3634 ἀπὸ
528 3571 708 3654 ἀκρεμόνας
730 3572 784 3635 καὶ
807 3571 933 3642 κλεινὸς
956 3573 1007 3636 διὰ
1029 3573 1086 3654 τὴν
1110 3574 1275 3655 ξηρότητα.
1320 3577 1426 3652 ltaque
1449 3593 1487 3634 ne
1509 3576 1569 3634 hoo

289 3665 409 3739 quidem
432 3664 623 3738 neglegentia
645 3664 761 3721 factum
785 3680 855 3721 esse
879 3665 976 3722 dicere
999 3665 1077 3723 licet.

395 3754 564 3828 Postquam
595 3751 686 3826 igitur
709 3753 951 3810 demonstratum
975 3756 1023 3812 est
1046 3755 1136 3811 etiam
1159 3755 1281 3812 tertium
1304 3755 1450 3812 Varronis
1472 3771 1568 3828 genus

290 3859 326 3898 ex
349 3842 416 3916 ipso
433 3841 644 3916 Theophrasto
669 3841 743 3898 scite
768 3858 835 3899 esse
860 3838 1024 3917 sumptum,
1050 3844 1089 3901 ad
1106 3843 1228 3917 singula
1243 3844 1461 3916 aggrediamur.
1499 3842 1568 3899 Duo
1650 3850 1652 3854 ’

290 3929 429 4004 proxima
460 3931 638 4004 praecepta:
675 3930 863 4000 ,videndum
898 3933 933 3988 ut
963 3948 999 3989 eo
1027 3932 1162 4006 tempore
1194 3933 1235 3989 sit
1262 3932 1480 4007 deplantatum,
1506 3948 1568 4005 quo

289 4021 409 4093 oportet
431 4017 472 4093 (id
495 4019 532 4076 fit
554 4021 628 4087 tum,
655 4021 820 4093 antequam
842 4035 992 4093 gemmare
1008 4023 1063 4078 aut
1077 4021 1184 4079 florere
1201 4021 1273 4096 quid
1289 4019 1418 4097 incipit);
1442 4024 1570 4095 atquae

290 4108 326 4164 de
359 4109 465 4165 arbore
496 4108 674 4176 transieras
707 4109 742 4165 ut
774 4125 810 4165 aa
842 4109 1001 4182 deplantes
1032 4110 1136 4183 potius
1167 4127 1259 4184 quam
1290 4110 1451 4184 detringas,
1486 4109 1567 4184 quod

289 4196 412 4271 plantae
437 4195 535 4254 solum
560 4196 711 4265 stabilius,
738 4213 798 4272 quo
823 4196 917 4255 latius
942 4200 996 4255 aut
1018 4198 1136 4256 radices
1159 4199 1280 4256 facilius
1297 4199 1421 4266 mittit“,
1446 4197 1567 4256 aliunde

289 4285 427 4343 hauserit
459 4282 594 4364 „Varro“
629 4303 754 4343 necesse
786 4288 841 4353 est,
876 4304 944 4344 cum
975 4287 1088 4344 similia
1118 4288 1199 4362 apud
1223 4288 1465 4362 Theophrastum
1495 4285 1567 4343 mihi

289 4392 350 4432 non
373 4375 565 4432 occurrerint.
605 4374 717 4432 Contra
741 4376 835 4433 verba
851 4376 1027 4450 sequentia:
1053 4394 1110 4455 „ea
1126 4376 1268 4444 celeriter,
1294 4379 1457 4451 antequam
1474 4392 1573 4434 sucus

398 4583 415 4651 ¹)
435 4581 471 4636 ci.
485 4599 508 4636 c.
521 4582 558 4652 pl.
572 4581 620 4646 14,
628 4583 652 4646 5,
673 4582 699 4637 h.
714 4582 750 4652 pl.
765 4582 855 4649 llas.

396 4654 414 4722 ⁹)
434 4652 470 4708 cf.
483 4653 571 4707 Varro
591 4653 658 4718 135,
671 4653 693 4708 1.
