3525 5342
746 413 969 477 -13-

218 594 313 654 altera
336 595 471 653 continet
501 613 563 663 eoa,
597 594 649 671 qui
679 612 727 654 res
755 594 887 654 rusticas
914 597 1130 664 tractaverunt,
1160 594 1257 654 altera
1289 613 1351 665 eos,
1384 597 1436 672 qui
1460 597 1500 655 de

218 683 286 742 aliis
319 685 409 742 rebus
444 687 569 758 egerunt
603 701 658 742 nec
691 686 755 741 tam
790 686 1017 759 praeceptorum
1053 702 1144 760 quam
1178 687 1305 743 ornatus
1339 685 1439 760 gratia
1476 703 1498 744 a

219 773 351 831 Varrone
374 772 551 831 afferuntur.
597 773 672 831 Dico
692 789 730 830 ex
753 771 800 830 his
816 772 952 841 Ennium,
971 772 1147 842 Pacuvium,
1163 773 1314 844 Plautum,
1331 774 1494 841 Plautium,

216 861 379 929 Romanos,
413 860 639 930 Dicaearchum,
679 861 918 930 Eratosthenem,
950 861 1122 932 Homerum,
1166 862 1320 922 Timaeum
1355 863 1495 922 Graecos.

217 950 299 1020 Quos
332 967 412 1008 nunc
444 951 564 1026 quidem
594 950 706 1009 missos
738 950 875 1008 iacimus.
921 950 1016 1009 Nobis
1047 951 1126 1009 euim
1148 952 1180 1008 in
1207 969 1353 1026 praesens
1375 954 1495 1026 tempus

217 1040 407 1115 propositum
436 1042 487 1097 est
519 1039 663 1098 Varronis
698 1056 794 1097 rerum
829 1039 1009 1098 rusticarum
1044 1042 1194 1108 auctores,
1231 1058 1308 1116 quos
1342 1040 1410 1116 ipse
1443 1057 1496 1098 ex-

216 1128 368 1202 presserit,
394 1128 544 1203 indagare.

749 1339 963 1348 -——--.--—

750 1564 913 1705 caput
944 1566 974 1678 1.

327 1892 505 1951 Exordimur
526 1911 547 1952 a
569 1893 715 1952 Romanis
739 1893 857 1968 partim,
883 1893 964 1968 quod
988 1893 1069 1968 apud
1100 1910 1153 1952 eos
1183 1893 1370 1968 inquirendo,
1395 1897 1497 1953 utrum

216 1980 311 2040 Varro
347 1998 400 2040 eos
434 1982 500 2056 ipse
535 1981 643 2040 adierit
680 2000 783 2050 necne,
829 2000 954 2058 prorsus
986 1982 1179 2056 supersedere
1217 1999 1391 2057 possumus
1427 2000 1495 2041 cum

216 2069 327 2128 nemini
350 2070 382 2127 in
405 2072 534 2128 mentem
564 2072 669 2128 veniat
699 2072 756 2128 hoc
786 2071 817 2128 in
842 2071 966 2129 dubium
988 2088 1110 2141 voeare;
1142 2071 1251 2146 partim
1285 2071 1367 2147 quod
1390 2072 1427 2130 de
1450 2073 1494 2130 eis

216 2161 251 2216 ut
272 2159 417 2218 Varronis
441 2159 616 2218 auctoribus
646 2163 730 2217 recta
760 2159 934 2235 plerumque
964 2160 1084 2235 prolata
1111 2162 1193 2229 sunt,
1222 2161 1267 2217 ita
1289 2163 1325 2218 ut
1346 2160 1495 2220 interdum

215 2247 291 2306 nihil
313 2248 461 2323 reliquum
484 2247 526 2306 sit
548 2248 616 2316 nisi,
642 2251 677 2307 ut
706 2248 836 2306 breviter
865 2249 1029 2306 referamus
1053 2252 1108 2306 aut
1135 2266 1301 2323 augeamus
1325 2253 1380 2307 aut
1402 2250 1494 2308 corri-

215 2352 333 2410 gamus
359 2353 438 2412 quae
461 2336 518 2394 viri
542 2336 622 2395 docti
646 2337 745 2395 adhuc
769 2340 916 2408 eruerunt

327 2492 405 2578 §l-
451 2497 629 2555 Accedimus
660 2498 786 2572 primum
818 2498 857 2556 ad
879 2498 918 2555 M
941 2497 1080 2556 Porcium
1118 2498 1271 2567 Catonem,
1305 2498 1356 2574 qui
1386 2497 1494 2557 librum

216 2604 314 2655 suum,
340 2587 389 2644 eui
412 2585 585 2644 inscribitur
625 2587 681 2657 ,de
712 2583 915 2662 agricultura“
949 2586 1046 2645 medio
1076 2587 1138 2644 fere
1172 2587 1305 2645 secundo
1340 2586 1494 2644 achan.

216 2676 339 2734 sacculo
365 2675 542 2751 composuit.
590 2674 644 2732 cui
667 2676 743 2733 libro
767 2679 890 2751 propter
912 2676 1017 2733 miram
1033 2676 1169 2744 formam,
1195 2693 1256 2750 qua
1278 2693 1359 2734 nunc
1382 2678 1493 2743 exstat,

216 2764 302 2822 multi
325 2764 383 2822 viri
406 2764 487 2822 docti
518 2781 640 2839 operam
670 2765 823 2832 dederunt,
857 2783 925 2823 oum
956 2764 1008 2823 alii
1040 2764 1125 2822 velut
1146 2762 1298 2840 Keilius,¹)
1322 2762 1494 2841 Weisius‚²t

216 2849 505 2929 Reitzensteinius‚⁸t
529 2850 747 2928 Heidrichius⁴t
777 2857 934 2912 censerent
964 2871 1032 2911 eum
1066 2856 1137 2928 post
1160 2853 1283 2912 Catonis
1307 2855 1432 2912 mortem
1455 2855 1497 2911 ab

217 2942 319 3017 aliquo
342 2941 462 3000 homine
486 2960 554 3000 esse
574 2945 779 3010 retractatum,
810 2943 861 3001 alii
884 2942 970 3000 velut
996 2940 1185 3020 dordanus,⁶)
1210 2939 1493 3018 Schoendoeriier,⁶)

215 3029 362 3109 Hauler,⁷)
393 3027 560 3108 Reuther,⁸)
591 3031 759 3106 nuperrime
791 3031 959 3090 Schanzius
990 3030 1018 3108 (l.
1038 3032 1056 3089 l.
1080 3048 1108 3107 p.
1128 3031 1199 3109 127)
1231 3034 1339 3106 putent
1372 3032 1404 3089 in
1427 3032 1495 3088 uni·

215 3138 335 3178 versum
359 3138 425 3178 eum
450 3120 555 3177 eadem
577 3119 675 3178 forma
698 3121 737 3178 ad
760 3137 816 3178 nos
845 3120 1029 3195 pervenisse,
1059 3138 1121 3196 qua
1144 3138 1181 3178 ex
1205 3119 1330 3178 Catonis
1353 3121 1496 3178 manibus

215 3209 365 3283 prodierit.
411 3208 474 3267 Nos
497 3209 576 3267 hanc
593 3209 801 3284 quaestionem
817 3209 1078 3267 intricatissimam
1095 3209 1258 3267 diiudicare
1282 3226 1335 3267 neo
1351 3209 1494 3267 volumus

215 3315 270 3355 nec
301 3315 475 3372 possumus.
528 3298 642 3355 Tamen
672 3297 747 3355 haec
778 3297 985 3356 controversia
1015 3301 1079 3354 erat
1114 3298 1382 3366 commemoranda,
1413 3298 1494 3372 quod

216 3403 282 3444 eam
306 3387 345 3443 ad
369 3403 425 3444 nos
450 3403 570 3462 quoque
594 3386 708 3462 aliquid
731 3387 832 3443 valere
855 3386 935 3443 inira
958 3385 1124 3461 apparebit

303 3473 384 3532 Inter
407 3474 550 3533 Catonem
574 3478 603 3532 et
625 3475 790 3533 Varronem
814 3492 893 3550 quae
915 3474 994 3532 ratio
1018 3474 1192 3543 intercedat,
1224 3475 1285 3532 iam
1309 3474 1422 3532 dudum
1446 3477 1494 3533 est

217 3563 379 3638 cognitum.
425 3563 489 3621 Iam
517 3563 679 3621 Schneider
702 3564 734 3621 in
765 3564 987 3621 commentariis
1020 3562 1139 3638 (partim
1165 3564 1354 3622 Varroniano
1385 3563 1494 3638 partim

217 3651 395 3726 Catonianot
427 3669 551 3727 semper,
586 3670 653 3710 cum
685 3652 759 3711 Cato
788 3671 807 3709 a
830 3653 963 3710 Varrone
995 3652 1173 3711 nominatim
1204 3652 1322 3720 citatur,
1355 3652 1408 3728 qui
1434 3653 1493 3711 looi

216 3740 275 3799 sibi
298 3740 509 3815 respondeant,
535 3741 671 3810 adnotat,
697 3741 845 3799 interdum
868 3741 948 3799 idem
969 3741 1044 3800 iacit
1068 3739 1119 3816 (sc.
1136 3741 1175 3798 ad
1189 3741 1225 3799 V.
1240 3740 1253 3798 1
1269 3742 1320 3810 37,
1335 3740 1370 3810 ὅς
1394 3741 1447 3811 40,
1459 3742 1492 3810 4;

216 3828 316 3898 54,1;
342 3829 392 3897 55,
408 3828 447 3907 6),
481 3848 549 3887 eum
580 3830 699 3889 nomine
727 3830 863 3904 neglecto
888 3829 1057 3889 Catoniana
1079 3830 1256 3888 afferuntur.
1303 3830 1385 3900 Quos
1408 3830 1493 3889 locos

322 4053 341 4122 ¹t
361 4054 519 4109 Observatt.
532 4054 592 4108 crit.
610 4071 637 4125 p.
650 4055 693 4111 67.

321 4127 341 4190 ⁹)
361 4125 562 4194 Quaestionum
580 4124 795 4180 Catonianarum
814 4142 873 4197 cap.
887 4126 921 4191 V,
940 4127 1094 4198 Gottingcn
1114 4127 1191 4181 1886.

320 4195 1017 4340 ttonitui·tiethmarus

321 4339 341 4478 :i
360 4339 541 4536 3325&ss
558 4339 667 4494 iniis-e
685 4411 768 4480 agee.
781 4412 843 4466 neri
860 4411 952 4466 forma
970 4411 1067 4481 parcr
1085 4410 1164 4465 1eee.

253 4553 258 4564 .
321 4481 340 4552 ⁷)
359 4481 399 4535 Zu
438 4484 503 4536 atos
522 4481 627 4554 Schmit
644 4483 714 4536 uber
731 4483 781 4536 das
794 4483 974 4545 Landwesen,
996 4481 1154 4537 Jahrcsber.
1168 4481 1194 4536 d.
1207 4482 1240 4536 K.
1253 4482 1287 4536 K.
1302 4482 1492 4551 Staatsgymn.

213 4552 687 4694 W1en1⁸ffggzhraffipgwgri
716 4625 824 4680 cultura
847 4623 910 4677 libri
938 4625 1063 4694 vestigiis
1096 4640 1141 4694 ap.
1165 4623 1292 4688 Graecos,
1321 4623 1395 4692 Lips.
1416 4620 1493 4685 1903,

214 4711 241 4764 p.
254 4694 304 4749 29:
322 4695 398 4750 Idem
416 4695 508 4752 frusta
525 4697 716 4750 demonstrare
734 4697 842 4751 studuit
859 4697 1016 4766 geoponiea
1033 4713 1051 4749 a
1068 4695 1194 4749 Varrone
1212 4695 1339 4764 pendere.
