3525 5342
710 435 929 499 „59-

183 637 274 696 quam
298 621 336 678 ob
361 636 486 677 causam
509 618 549 686 id,
583 617 664 694 quod
688 635 724 675 ex
748 617 925 692 geoponicis
949 616 1104 684 discimus,
1129 617 1195 684 fiat,
1229 613 1463 695 scilicet§17:

185 706 239 770 ε’ἀν
262 705 323 787 γὰρ
347 705 389 768 έτι
420 706 491 778 ζέον
514 703 567 766 καὶ
598 704 798 792 ὠγκωμένον
819 701 855 765 τὸ
879 703 1000 783 ἔνύεμα
1027 708 1226 784 παραχρῆμα
1257 703 1301 770 εἷς
1322 700 1358 764 τὸ
1381 702 1464 765 ὐπο·

186 795 358 876 δεχόμενον
396 793 554 875 ἐμβληθῇ,
592 799 678 856 πᾶσα
717 793 840 873 ὐνάγκη
879 791 943 873 πρὸ
981 796 1037 854 τού
1074 790 1131 872 τὴν
1169 791 1283 854 ἕνωσιν
1317 791 1464 871 γενέσθαι

185 883 454 966 ἀπομαρανύῆναι
476 881 593 964 μικρόν
608 906 635 944 τι
648 887 705 944 τού
729 875 905 963 ἒνύέματος
923 880 978 943 καὶ
1000 880 1161 962 χαύνωσιν
1176 878 1324 960 γενέσθαι
1345 877 1465 960 μεταξὺ

185 979 239 1036 τοῦ
274 972 452 1040 ἐντεθέντος
481 971 534 1033 καὶ
567 976 623 1033 τού
657 971 899 1052 ὑποδεχομένου
934 968 1045 1042 ξύλου,
1083 968 1138 1031 καὶ
1171 967 1281 1032 λοιπὸν
1315 969 1359 1036 εἷς
1391 966 1467 1036 τούς

184 1060 302 1144 μεταξὺ
324 1060 452 1130 κοίλους
474 1059 593 1128 τόπους
616 1059 634 1122 ό
657 1059 720 1141 ἀὴρ
736 1059 892 1122 εἶσύύνων
912 1059 973 1120 οὐκ
997 1059 1035 1141 ἑᾷ
1057 1057 1113 1139 τὴν
1128 1057 1290 1139 σύμφυσιν
1307 1056 1463 1137 γενέσθαι,

185 1155 264 1212 hane
287 1163 348 1211 rem
379 1152 461 1228 apud
484 1152 647 1210 Varronem
679 1154 710 1208 et
732 1151 814 1226 apud
837 1150 1079 1225 Theophrastum
1110 1166 1368 1224 supervacaneam
1396 1166 1466 1206 esse

186 1245 322 1318 apparet,
338 1259 421 1317 ¹cum
444 1241 475 1298 hi
499 1240 530 1297 id
553 1241 597 1297 ita
620 1240 794 1315 impediant,
827 1243 862 1297 ut
884 1239 1012 1297 vulnera
1043 1238 1151 1312 argilla
1174 1238 1314 1296 oblinant
1336 1240 1367 1295 ct
1388 1238 1465 1295 libro

189 1332 331 1406 obligent,
367 1348 405 1388 ne
440 1330 566 1387 afferam
599 1329 799 1404 Theophrasti
829 1329 925 1386 verba
951 1327 1022 1385 ibid.
1040 1327 1072 1385 8:
1111 1324 1166 1386 καὶ
1200 1323 1276 1386 ὅταν
1306 1324 1465 1405 σχίσαντες

187 1417 330 1481 ἒνιιύῶοι
364 1415 399 1478 τὸ
438 1416 558 1496 ένύεμα
593 1414 781 1498 σφηνοειύὲς
814 1414 1001 1496 ποιήσαντες
1036 1414 1070 1475 έν
1100 1413 1242 1494 σφύρᾳῙ)
1282 1413 1467 1475 ἐλαύνουσιν

188 1507 277 1576 ὅπως
311 1506 357 1568 ὅτι
389 1505 523 1586 μάλιστα
557 1504 740 1586 προσαχύῇ.
785 1506 841 1563 Hic
879 1506 970 1563 huius
1008 1506 1051 1562 rei
1090 1505 1371 1563 commemorandae
1404 1521 1467 1561 non

188 1599 287 1656 minus
311 1597 432 1656 occasio
457 1599 522 1654 erat
552 1597 626 1654 data
657 1613 747 1671 quam
772 1613 839 1652 cum
863 1595 1008 1653 scriberet
1038 1594 1125 1652 ibid:
1165 1590 1225 1672 ῥόα
1250 1589 1284 1653 δὲ
1307 1590 1361 1652 καὶ
1384 1595 1467 1671 συκῆ

188 1684 240 1747 καὶ
271 1683 331 1746 όσο
364 1683 486 1746 τούτων
517 1682 578 1745 ἐστὶ
609 1682 762 1764 ξηρότερα
792 1680 880 1762 παρὰ
905 1687 1024 1762 χρῆμα,
1061 1700 1138 1757 quae
1172 1685 1266 1740 verba
1295 1682 1391 1739 Varro
1422 1682 1467 1739 sio

189 1776 347 1834 convertit:
374 1778 500 1856 „contra
522 1775 553 1832 in
575 1775 635 1831 lico
660 1777 690 1831 et
713 1773 793 1831 malo
817 1773 929 1849 punica
952 1775 983 1829 et
998 1773 1105 1847 siquae
1121 1772 1212 1828 etiam
1235 1772 1341 1828 horum
1357 1773 1468 1828 natura

189 1866 327 1932 aridiora,
346 1859 519 1922 continu0“.
545 1864 734 1938 Quamquam
749 1880 811 1920 non
827 1879 932 1936 negem
948 1861 1113 1919 Varronem
1130 1861 1166 1917 de
1182 1860 1235 1917 illa
1257 1877 1289 1917 re
1305 1861 1467 1934 cogitasse.

294 1953 328 2010 In
358 1953 466 2010 ultima
501 1953 630 2027 denique
665 1952 756 2009 huius
787 1952 883 2027 partis
920 1950 1071 2020 sententia
1101 1951 1261 2006 verborum
1292 1951 1468 2007 contextum

191 2043 266 2100 satis
289 2043 396 2099 mirum
412 2041 528 2098 Keilius
553 2042 687 2099 exhibet:
714 2040 764 2118 „in
782 2040 851 2097 aliis
866 2039 1121 2097 translationibus
1137 2037 1308 2106 videndum,
1333 2040 1370 2094 ut
1385 2037 1468 2112 quod

189 2132 353 2189 transierat
377 2122 427 2212 [in]
452 2148 597 2188 cacumen
620 2130 734 2188 habeat
760 2147 917 2202 gemmam,
949 2128 1039 2185 utin
1062 2123 1161 2184 ficis“.
1207 2126 1263 2183 Hic
1287 2127 1366 2183 enim
1390 2115 1467 2201 quo-

190 2221 278 2278 modo
306 2215 520 2298 „transierat“,
555 2219 636 2295 quod
663 2221 742 2276 teste
766 2218 947 2275 Schneidero
970 2217 1165 2274 Victorianus
1188 2216 1289 2283 habet,
1322 2215 1468 2289 interpre-

190 2312 277 2377 tetur,
302 2327 364 2366 non
387 2309 486 2376 video,
513 2325 580 2365 cum
603 2305 775 2365 necessario
799 2307 959 2382 passivum
974 2306 1152 2381 requiratur.
1192 2304 1355 2362 Schneider
1377 2304 1469 2361 habet

194 2393 422 2478 ‚‚transiertur“,
441 2415 496 2472 ego
513 2415 585 2454 vero
602 2395 795 2471 potissimum
812 2413 878 2452 cum
891 2395 1061 2452 Pontedera
1075 2388 1313 2473 „transieratnr“
1330 2393 1467 2450 scribam.

192 2488 313 2562 syllaba
338 2481 412 2564 „ur“
446 2485 682 2562 praepositionis
708 2479 778 2564 „in“
811 2483 913 2542 locum
944 2485 1056 2558 optime
1090 2481 1191 2557 explet
1214 2498 1250 2539 ao
1272 2482 1414 2538 facillime
1438 2481 1470 2537 in

192 2595 257 2634 eam
281 2576 459 2634 commutari
482 2576 589 2650 potuit.
614 2609 656 2616 —
682 2573 833 2643 Quantum
854 2573 964 2630 attinet
987 2572 1107 2639 adres,
1132 2571 1183 2628 vix
1201 2571 1332 2628 dubitari
1356 2572 1467 2646 potest,

192 2667 264 2740 quin
286 2665 382 2723 Varro
406 2664 481 2722 haec
508 2665 610 2731 verba,
644 2681 722 2738 quae
753 2663 835 2737 apud
858 2661 1102 2737 ‘Theophrastum
1133 2677 1196 2717 non
1227 2662 1358 2728 exstant,
1391 2658 1469 2716 male

191 2753 379 2820 intellexerit,
405 2771 473 2810 cum
496 2753 613 2811 nonin
635 2753 714 2820 aliis,
748 2751 857 2809 sedin
889 2751 1030 2808 omnibus
1053 2749 1307 2808 translationibus
1332 2750 1470 2823 oporteat

193 2843 346 2900 surculum
369 2843 560 2899 inserendum
577 2842 694 2899 habere
717 2858 873 2914 gemmam.

296 2931 359 2988 lam
391 2933 509 2988 restant
532 2927 607 3010 ἐξελ
631 2932 662 2988 et
686 2929 704 2987 5
728 2930 917 2998 tractandae,
952 2946 1030 3004 quae
1062 2946 1124 2986 non
1154 2929 1240 2996 forte,
1278 2928 1332 2985 sed
1362 2927 1470 2983 iterum

194 3021 357 3078 secundum
381 3020 514 3077 ordinem
538 3019 797 3094 Theophrasteum
832 3020 905 3092 post
940 3017 1041 3076 omnia
1064 3018 1140 3074 haec
1169 3017 1289 3091 positae
1314 3017 1393 3073 sunt.
1439 3013 1471 3071 Is

194 3110 279 3178 enim,
305 3111 469 3184 postquam
493 3108 529 3166 de
561 3108 701 3167 omnibus
725 3108 872 3165 seminum
901 3107 1061 3180 generibus
1085 3106 1155 3180 egit,
1187 3106 1257 3162 inde
1281 3124 1300 3162 a
1324 3105 1423 3178 capite
1446 3119 1470 3159 c.

193 3197 230 3272 pl.
247 3197 296 3256 Il
328 3216 365 3255 ea
395 3198 489 3256 variis
520 3198 691 3255 rationibus
722 3198 843 3264 tractat,
881 3213 919 3252 ex
950 3195 1061 3270 quibus
1095 3212 1158 3251 una
1192 3197 1239 3252 est
1270 3211 1315 3261 ea,
1352 3210 1405 3250 cur
1439 3192 1471 3247 in

194 3287 374 3361 quibusdam
405 3286 519 3362 plantis
551 3286 698 3344 seminum
733 3285 851 3360 proprie
883 3284 1031 3340 dictorum
1061 3282 1128 3340 loco
1160 3280 1299 3339 surculos
1329 3281 1470 3337 adhibere

194 3376 290 3450 magis
308 3376 457 3450 expediat.
493 3375 589 3444 Quam
605 3375 814 3450 quaestionem
837 3371 908 3430 ibid.
926 3389 949 3429 c.
967 3371 996 3440 8,
1014 3372 1028 3428 1
1055 3371 1190 3428 instituit
1212 3369 1295 3427 hisce
1312 3368 1471 3426 exordiens

194 3465 310 3522 verbis:
346 3461 500 3543 εὐβλαστῆ
531 3460 565 3523 δὲ
595 3460 650 3523 καλ
680 3460 800 3541 εὐαυξῆ
831 3457 866 3520 τὰ
901 3458 937 3520 εἰι
967 3461 1032 3519 τῶν
1063 3455 1275 3537 φυτευμάτων
1304 3453 1426 3535 μᾶλλον
1450 3455 1471 3534 ἢ

195 3551 229 3612 ε’νι
252 3556 316 3612 τῶν
339 3550 531 3632 σπερμάτων
561 3549 702 3630 εὐλόγως
732 3547 836 3616 ἄλλως
858 3571 890 3609 τε
922 3545 976 3613 καὶ
1006 3545 1151 3626 ὐπόρριζ
1176 3547 1216 3607 ἂν
1239 3543 1360 3625 ληφθῇ,
1392 3563 1471 3620 quae

194 3642 288 3699 verba
321 3643 404 3717 apud
434 3641 600 3699 Varronem
631 3642 662 3697 in
692 3640 868 3697 universum
903 3641 982 3696 recte
1016 3638 1185 3694 referuntur
1220 3636 1280 3694 his:
1329 3635 1392 3713 „De
1422 3633 1472 3691 his

195 3731 298 3805 primis
323 3733 467 3806 quattuor
496 3731 656 3805 generibus
690 3729 837 3786 seminum
869 3727 1019 3803 quaedam
1050 3725 1133 3801 quod
1161 3725 1306 3792 tardiora,
1340 3722 1471 3781 surculis

195 3820 297 3894 potius
330 3814 506 3878 utendum“.
559 3819 676 3876 Keilius
710 3817 824 3893 (comm.
856 3835 883 3892 p.
912 3815 984 3893 101)
1015 3833 1119 3873 vocem
1147 3808 1290 3894 „primis“
1321 3815 1396 3871 bene
1428 3812 1472 3869 sic

197 3909 342 3983 explicat:
381 3909 475 3988 „haec
503 3910 648 3983 quattuor
678 3909 780 3964 autem
810 3923 922 3980 genera
953 3905 1100 3963 seminum
1124 3904 1218 3978 prima
1248 3902 1388 3959 dicuntur
1410 3918 1473 3958 non

196 3999 316 4072 propter
339 4001 480 4054 naturam
505 3997 660 4064 seminum,
692 3997 745 4054 sed
769 3997 938 4070 propterea,
971 3994 1053 4069 quod
1087 4010 1124 4050 ea
1157 3991 1266 4049 divisio
1298 3991 1441 4065 primaria
1449 3987 1473 4066 ²)

304 4222 323 4290 1)
343 4223 413 4290 Quid
436 4221 464 4274 ἐν
487 4221 577 4290 opopa
601 4220 753 4274 ἐλαύνουσιν
772 4221 824 4274 sibi
841 4219 918 4286 velit,
944 4219 1072 4290 equidem
1089 4234 1148 4271 non
1166 4218 1257 4272 video.
1294 4215 1475 4271 Scribendum

198 4310 259 4348 esse
277 4294 345 4348 mihi
362 4294 486 4348 videtur:
506 4293 596 4360 σφύρᾳ
614 4291 677 4345 ἕνελ.

304 4365 322 4434 ²)
342 4365 376 4418 cl.
395 4364 522 4429 vias:
562 4364 683 4429 ,Scrofa
714 4362 782 4431 Agri
813 4362 946 4420 culturae,
983 4361 1081 4431 inquit,
1114 4363 1247 4431 quattuor
1283 4360 1350 4410 sunt
1379 4357 1475 4426 partes

197 4440 353 4501 summae“;
373 4436 436 4491 ibid.
450 4436 479 4488 4:
502 4436 551 4500 ,de
569 4435 613 4489 his
632 4435 766 4506 quattuor
783 4450 869 4503 gener
888 4431 992 4504 (alibus
1009 4429 1087 4502 part>
1106 4432 1168 4485 ibus
1187 4429 1313 4499 singulae
1331 4428 1474 4481 minimum

198 4508 226 4561 in
243 4507 324 4561 binas
343 4506 503 4561 dividuntur
521 4507 653 4577 species‘.
691 4505 780 4559 Panlo
799 4505 885 4558 infra:
917 4505 967 4568 ,de
985 4503 1080 4574 primis
1104 4504 1239 4572 quattuor
1256 4499 1381 4570 partibus
1398 4498 1475 4567 prius

198 4579 295 4644 dicam,
314 4578 413 4632 deinde
431 4579 560 4632 subtilius
579 4578 613 4632 de
632 4579 697 4631 octo
717 4576 871 4631 secundis“.
900 4576 1081 4645 Quamquam,
1101 4573 1176 4643 quod
1194 4570 1343 4654 promittit,
1361 4569 1475 4623 minime

197 4650 278 4716 facit;
298 4650 347 4704 sed
365 4651 400 4703 ab
417 4649 498 4703 initio
518 4650 617 4718 capitis
634 4649 672 4702 VI
683 4647 824 4702 'continuo
844 4647 878 4700 de
896 4647 987 4716 priore
1005 4645 1110 4714 primae
1128 4646 1216 4713 partis
1227 4642 1319 4714 specie
1331 4641 1398 4709 agit.
1417 4640 1475 4694 Nec

198 4737 255 4774 non
276 4720 304 4774 in
330 4721 428 4776 ceteris
447 4721 573 4791 partibus
597 4720 712 4774 summis
724 4720 796 4772 idem
814 4719 857 4773 fit.
891 4717 920 4772 Si
938 4717 1074 4787 promisso
1095 4715 1227 4779 stetisset,
1246 4711 1371 4768 similiter
1389 4713 1476 4782 atque
