3525 5342
828 327 961 440 222
1006 414 1051 424 -

295 577 422 636 cumque
439 578 484 628 ea,
503 577 581 636 quae
596 561 692 618 Varro
710 562 821 625 narrat,
839 560 897 617 viri
912 560 1019 617 harum
1035 577 1133 618 rerum
1149 559 1325 634 peritissimi
1341 559 1404 617 sint
1418 577 1473 618 nec
1489 561 1575 634 quic-

297 666 388 724 quam
409 649 515 706 Graeci
539 649 723 716 contineant,
741 649 864 723 insuper
888 648 955 706 luce
979 648 1091 706 clarius
1107 648 1229 706 aliunde
1244 649 1429 724 interposita
1451 649 1513 706 sint
1532 682 1576 690 -

294 755 393 813 neque
428 739 506 795 enim
540 738 571 796 in
606 737 805 813 dispositione
840 736 959 814 )16,1)
987 755 1085 813 neque
1127 738 1159 795 in
1194 738 1447 813 recapitulatione
1482 736 1575 814 )115)

296 830 569 885 commemorantur
603 829 634 884 et
672 829 745 901 post
783 829 877 901 caput
912 829 1054 885 octavum
1084 827 1181 885 Varro
1216 826 1256 884 ad
1290 827 1481 902 propositum
1515 827 1576 884 iam

295 933 360 990 cap.
377 915 429 973 VH
445 917 519 991 5sq.
543 917 708 973 tractatum
732 915 873 973 redit-his
897 917 988 974 rebus
1012 916 1164 973 adductus
1193 916 1324 974 arbitror
1345 916 1478 974 fortasse
1502 917 1577 973 haec

295 1004 450 1062 Tremellio
474 1023 543 1062 esse
566 1004 768 1062 attribuenda.
813 1004 871 1062 Pro
896 1007 979 1062 certo
1002 1005 1123 1062 minime
1146 1007 1291 1062 statuam.

407 1160 429 1245 fi
453 1161 484 1226 6.
527 1163 651 1222 Praeter
681 1164 739 1222 hos
770 1167 879 1222 auctor
901 1164 1059 1222 Romanus
1090 1163 1192 1222 nullus
1216 1182 1236 1222 a
1258 1164 1392 1222 Varrone
1420 1164 1577 1222 adhibitus

298 1271 366 1311 esse
389 1253 517 1311 videtur.
564 1252 592 1310 G.
609 1252 682 1310 Julii
705 1253 817 1328 Hygini
840 1254 919 1310 enim
943 1271 1040 1328 neque
1057 1270 1135 1328 opus
1162 1254 1218 1332 „de
1234 1253 1299 1327 agri
1323 1249 1461 1311 cultura“
1481 1253 1576 1328 scrip-

294 1345 369 1410 tum,
410 1341 491 1416 quod
525 1341 680 1399 Charisius
714 1340 881 1417 (grammat.
905 1342 988 1414 latl
1015 1360 1043 1417 p.
1063 1342 1200 1419 142,15)
1234 1341 1343 1399 laudat
1369 1359 1425 1400 nec
1456 1341 1577 1399 libellus

294 1433 373 1489 teste
397 1429 563 1488 Columella
586 1430 636 1508 (IX
656 1431 704 1499 13,
720 1429 750 1508 8)
784 1430 841 1510 „de
864 1425 996 1506 apibus“
1027 1432 1220 1506 conscriptus
1244 1450 1265 1488 a
1287 1432 1421 1488 Varrone
1444 1448 1577 1506 usquam

296 1522 555 1588 commemoratur,
581 1537 765 1595 quamquam
781 1519 1033 1577 verisimillimum
1056 1523 1104 1578 est
1127 1537 1164 1577 ea
1184 1520 1356 1594 composita
1378 1538 1448 1578 esse
1471 1521 1577 1577 eodem

294 1609 356 1665 iere
380 1611 523 1683 tempore,
550 1626 609 1683 quo
626 1608 722 1666 Varro
738 1608 833 1667 libros
858 1626 933 1666 suos
951 1609 1082 1666 coniecit
1104 1607 1150 1684 (ci.
1167 1609 1382 1668 Reitzenstein.
1398 1609 1417 1666 l.
1434 1609 1452 1667 l.
1469 1627 1497 1683 p.
1517 1608 1576 1685 19).

297 1697 340 1753 De
363 1697 497 1754 Mamilio
521 1700 623 1754 autem
648 1698 726 1754 Sura
749 1716 769 1755 a
791 1697 889 1756 Plinio
905 1697 1073 1757 XV111143
1105 1715 1173 1755 oum
1197 1699 1311 1755 Catone
1335 1701 1366 1755 et
1388 1697 1523 1755 Varrone
1546 1698 1577 1754 in

295 1804 326 1843 re
350 1786 482 1861 quadam
504 1786 615 1844 collato
640 1787 742 1845 omnia
765 1787 927 1844 incertiora
951 1789 1031 1854 sunt,
1050 1804 1141 1862 quam
1164 1791 1200 1844 ut
1221 1789 1383 1863 quicquam
1406 1787 1488 1845 haud
1512 1804 1576 1843 am-

295 1875 379 1949 bigui
410 1876 505 1933 statui
540 1871 674 1952 possit.²)
719 1875 976 1934 Reitzensteinius
1011 1894 1079 1934 eum
1111 1877 1233 1934 omnino
1261 1876 1426 1951 praeteriit.
1471 1875 1577 1949 ltaque

296 1965 357 2021 iam
380 1965 454 2022 nihil
478 1965 591 2033 obstat,
617 1965 780 2038 quominus
805 1963 844 2022 ad
868 1964 1001 2022 Graecos
1025 1964 1171 2023 Varronis
1201 1967 1344 2023 auctores
1374 1966 1576 2022 transeamus,

814 2559 977 2699 caput
1011 2561 1062 2672 ll.

410 2865 480 2949 §L
510 2870 620 2927 lterum
637 2887 770 2944 operum,
789 2887 916 2944 quorum
941 2872 1083 2927 auctores
1099 2870 1197 2929 Varro
1214 2871 1246 2928 in
1262 2872 1360 2929 indice
1377 2870 1399 2948 (l
1419 2871 1576 2948 1.8-10)

298 2963 328 3016 et
351 2959 382 3015 in
405 2960 564 3016 verborum
588 2961 734 3016 contextu
758 2956 853 3034 (velut
866 2958 1059 3035 Archelaum)
1075 2959 1189 3028 attulit,
1216 2978 1284 3017 cum
1307 2961 1458 3019 maximae
1481 2962 1577 3036 partis

296 3047 372 3105 nihil
410 3048 533 3105 omnino
579 3048 640 3104 iam
682 3050 789 3116 exstet,
834 3064 1053 3122 perpaucorum
1087 3048 1173 3106 velut
1210 3049 1381 3117 Democriti,
1426 3049 1575 3117 Archelai,

297 3137 449 3211 Archytae
471 3136 643 3211 fragmenta
671 3138 792 3194 tantum
820 3136 1012 3204 tenuissima,
1045 3153 1112 3205 nos,
1146 3138 1198 3213 qui
1221 3138 1282 3195 iam
1305 3139 1451 3197 Varronis
1474 3139 1578 3197 fontes

298 3225 432 3284 Graecos
455 3225 629 3298 indagaturi
660 3243 777 3294 sumus,
809 3225 867 3283 hac
891 3225 922 3282 in
946 3243 977 3282 re
1008 3226 1084 3283 solis
1109 3227 1153 3284 eis
1177 3226 1223 3284 uti
1250 3244 1425 3301 possumus,
1451 3246 1577 3304 quorum

299 3315 458 3374 volumina
492 3314 590 3372 adhuc
632 3314 772 3372 manibus
811 3316 959 3374 tenemus.
1016 3314 1055 3371 Hi
1090 3318 1162 3372 sunt
1197 3315 1359 3383 Hesiodus
1400 3317 1575 3393 Xenophon,

296 3403 487 3472 Aristoteles,
514 3403 751 3478 Theophrastus.
783 3403 827 3460 Ex
851 3404 962 3478 quihus
987 3404 1066 3461 duos
1086 3405 1201 3478 primos
1217 3405 1395 3463 brevissime
1418 3404 1578 3464 absolvere

295 3492 374 3550 licet.
427 3493 474 3549 Ab
504 3492 638 3550 Hesiodo
671 3493 767 3560 enim,
811 3493 899 3550 cuius
930 3493 961 3549 in
1001 3509 1123 3549 censum
1153 3493 1239 3550 venit
1269 3511 1379 3568 poema
1416 3493 1493 3572 ἔργα
1524 3491 1578 3554 καὶ

298 3579 414 3660 ἡμέραι
448 3581 634 3655 inscriptum,
667 3581 833 3638 Varronem
864 3582 994 3655 pendere
1020 3598 1214 3657 nequaquam
1246 3585 1433 3656 comprobari
1465 3585 1576 3657 potest,

298 3687 375 3738 cum,
401 3670 482 3745 quod
506 3670 617 3726 attinet
644 3669 764 3736 adres,
790 3669 903 3726 similia
927 3670 1047 3743 quidem
1070 3671 1220 3727 interdum
1243 3673 1416 3731 necessario
1439 3673 1578 3729 nimirum

298 3760 497 3834 proferantur,
530 3760 625 3816 verba
648 3759 749 3816 autem
772 3758 843 3834 ipsa
865 3759 943 3816 adeo
966 3775 1027 3815 non
1051 3760 1253 3827 consentiant,
1279 3760 1412 3817 utillud
1435 3778 1472 3818 ne
1496 3778 1578 3819 com-

301 3847 424 3925 probari
447 3847 576 3921 quidem,
601 3847 710 3904 nedum
735 3847 907 3905 confirmari
930 3849 1038 3922 possit
1085 3848 1181 3918 Quam
1205 3850 1327 3906 obrem
1358 3867 1395 3906 ne
1419 3849 1579 3906 Gentillius

298 3936 419 4012 quidem
442 3936 501 3992 hoc
530 3936 687 3994 ostendere
719 3939 848 3994 conatus
880 3954 948 3994 esse
968 3936 1096 4004 videtur,
1130 3938 1182 4011 qui
1204 3937 1283 3996 alias
1306 3937 1356 3995 vel
1380 3955 1417 3994 ea
1440 3938 1576 4013 arripuit,

298 4042 377 4100 quae
400 4024 531 4098 speciem
554 4026 673 4082 tantum
706 4025 913 4083 similitudinis
945 4026 1066 4084 habent.
1095 4026 1181 4095 Quod
1209 4027 1299 4084 modo
1319 4027 1389 4095 dixi,
1415 4029 1446 4084 et
1473 4027 1578 4084 multis

301 4113 370 4170 ahis
394 4113 589 4171 confirmatur
612 4117 643 4170 et
665 4131 710 4181 eo,
737 4115 818 4190 quod
841 4115 868 4171 is
894 4112 921 4189 (1.
937 4114 956 4171 l.
972 4131 1000 4187 p.
1020 4114 1091 4191 126)
1116 4116 1290 4173 autumavit
1321 4134 1358 4173 ex
1380 4116 1578 4191 Xenophonte

290 4201 345 4278 'lde
368 4220 399 4259 re
423 4220 468 4277 eq.
493 4219 556 4275 cap.
578 4198 605 4277 1)
630 4202 795 4260 Varronem
827 4203 997 4278 sumpsisse
1028 4204 1097 4278 equi
1130 4205 1205 4278 pulli
1233 4204 1473 4278 descriptionem,
1500 4222 1578 4280 quae

298 4293 346 4349 est
376 4290 411 4350 V.
428 4291 500 4360 117,
519 4291 547 4348 5.
592 4291 658 4348 Hoc
689 4292 847 4349 abhorrere
880 4293 920 4349 ab
951 4292 1031 4348 omni
1063 4293 1323 4350 verisimilitudine
1358 4311 1444 4351 nemo
1476 4296 1577 4368 neget,

300 4397 397 4456 neque
427 4380 534 4448 habeo,
569 4381 650 4455 quod
682 4381 863 4438 conferendo
895 4380 991 4438 verba
1020 4381 1201 4455 scriptorum
1231 4384 1351 4456 tempus
1380 4384 1410 4439 et
1444 4383 1578 4457 spatium

298 4470 430 4544 perdam.
475 4468 573 4526 Unum
603 4469 711 4526 saltem
736 4469 871 4538 afferam,
897 4486 1004 4543 nempe
1027 4469 1256 4544 Xenophontem
1280 4471 1363 4528 haud
1389 4471 1578 4545 ignorantem

406 4640 424 4708 1)
443 4641 478 4696 ci.
498 4641 661 4705 Mommsen,
681 4639 733 4693 Rh.
747 4641 817 4694 Mus.
833 4638 866 4694 16
886 4640 972 4709 )1861)
991 4657 1017 4711 p.
1032 4641 1093 4696 282.
