3525 5342
688 403 910 469 „83-

158 590 221 647 sub
245 588 274 646 4.
301 587 360 656 13.
385 604 519 661 prorsus
549 603 628 662 quae
652 587 725 644 sunt
747 587 804 644 sub
831 586 857 644 l.
882 585 911 644 8.
938 585 996 654 10.,
1028 588 1135 645 contra
1157 586 1269 645 adiecit
1291 587 1442 662 quaedam

158 679 221 736 sub
246 676 274 735 6.
299 677 328 735 7.
351 675 505 750 imprimis.
532 674 572 733 10
597 674 643 750 (cf.
668 674 728 734 Ool.
753 673 891 752 alacres),
919 673 983 733 12?

268 764 373 823 Plures
396 764 522 822 huiusce
545 763 662 838 generis
685 762 770 822 locos
794 763 961 822 exscribere
984 765 1119 839 oportere
1142 763 1216 821 mihi
1235 781 1296 822 non
1310 764 1439 833 videtur,

158 872 231 913 cum
254 853 395 912 omnibus
418 853 479 911 iere
502 852 580 911 idem
604 851 763 932 efficiatur,
788 852 870 927 quod
892 850 1038 910 Heinzins
1062 849 1090 928 (l.
1106 853 1125 912 l.
1147 869 1175 926 p.
1192 851 1267 930 436)
1296 870 1354 912 suo
1377 853 1441 911 iure

164 943 281 1011 statuit,
306 959 429 1018 nempe:
457 941 507 1012 ,in
530 941 600 999 aliis
623 940 792 1016 geoponiea
815 943 846 998 et
867 940 1040 1010 Varronem,
1073 941 1105 998 in
1128 941 1197 999 aliis
1220 942 1389 1016 geoponica
1411 945 1441 1000 et

161 1031 367 1100 Columellam,
392 1031 424 1088 in
447 1030 516 1088 aliis
531 1029 697 1088 Varronem
720 1032 750 1088 et
773 1028 969 1090 Columellam
993 1029 1090 1104 magis
1113 1029 1191 1087 inter
1213 1047 1246 1088 se
1269 1031 1439 1099 convenire,

160 1119 325 1194 unicuique
355 1122 456 1178 autem
480 1119 630 1194 quaedam
658 1136 726 1177 esse
749 1118 901 1193 propria“.
947 1118 1092 1176 Ultimum
1114 1118 1275 1177 Gentillius
1298 1119 1439 1194 neglexit,

160 1226 347 1285 quamquam
370 1208 402 1266 id
423 1208 524 1284 ipsum
547 1207 677 1265 maxime
701 1207 728 1264 ei
751 1207 857 1265 oiiicit
902 1207 946 1264 Ne
970 1207 1049 1265 enim
1072 1207 1261 1283 geoponicon
1283 1210 1389 1267 auctor
1404 1226 1441 1266 ea

164 1298 322 1367 omitteret,
354 1315 434 1373 quae
456 1296 585 1354 Varroni
615 1299 646 1354 et
669 1295 850 1356 columellae
881 1295 1004 1371 propria
1034 1298 1116 1365 sunt,
1148 1295 1224 1354 nihil
1254 1314 1306 1371 per
1328 1314 1361 1354 se
1384 1297 1441 1355 im·

162 1386 312 1462 pediebat,
348 1403 533 1462 quamquam
567 1388 646 1443 certe
678 1384 754 1443 mira
783 1385 858 1442 haec
889 1387 971 1442 esset
1001 1384 1163 1443 adhibendi
1193 1385 1326 1444 auctoris
1353 1386 1439 1444 ratio.

158 1475 222 1533 ³Sed
252 1475 332 1532 unde
363 1492 400 1532 ea
431 1476 512 1543 sunt,
546 1491 625 1548 quae
656 1473 688 1531 in
718 1473 893 1548 geoponicis
917 1473 993 1532 solis
1015 1473 1180 1548 leguntur?
1225 1474 1439 1550 Respondeas:

162 1563 207 1621 Ex
238 1563 444 1637 scriptoribus,
477 1579 555 1638 quos
586 1564 704 1638 praeter
726 1562 891 1620 Varronem
922 1564 951 1619 et
975 1562 1171 1621 Columellam
1195 1581 1264 1621 esse
1287 1563 1440 1621 adhibitos

158 1652 322 1710 verisimile
352 1655 407 1710 est
453 1651 536 1710 hicet
565 1669 613 1709 res
636 1651 681 1708 ita
704 1669 737 1710 se
760 1651 881 1720 habeat,
914 1651 1043 1708 maxime
1067 1654 1114 1708 est
1136 1651 1244 1708 mirum
1265 1651 1315 1710 vel
1338 1653 1441 1727 potins

162 1741 334 1800 incredibile
362 1741 552 1816 geoponicon
583 1743 737 1798 auctorem
768 1740 986 1799 exscribentem
1017 1739 1248 1814 descriptionem
1279 1741 1374 1808 canis,
1406 1744 1441 1798 ut

162 1829 220 1888 hac
242 1833 320 1899 utar,
345 1830 376 1887 in
400 1830 575 1888 universum
598 1829 771 1897 Varronem,
796 1829 828 1885 in
851 1829 959 1904 paucis
983 1828 1177 1887 Columellam
1200 1846 1268 1887 esse
1292 1831 1438 1897 secutum,

158 1919 363 1977 conferentem
386 1921 488 1977 autem
510 1919 617 1977 horum
640 1920 733 1976 verba
756 1935 823 1975 cum
847 1917 909 1976 alio
932 1917 1078 1992 scriptore
1094 1917 1345 1976 animadvertisse
1361 1919 1440 1975 huno

159 2010 279 2082 praeter
301 2007 430 2067 Varroni
454 2010 484 2065 et
507 2007 689 2065 Columellas
712 2006 885 2064 communia
915 2006 1007 2064 etiam
1038 2006 1159 2082 propria
1186 2006 1324 2065 exhibere
1348 2010 1440 2082 atque

162 2096 237 2154 haec
252 2096 313 2154 illis
338 2096 494 2164 adiecisse,
520 2098 553 2152 at
576 2095 716 2154 omisisse
740 2113 785 2164 ea,
812 2113 891 2170 quae
914 2095 1005 2152 etiam
1027 2112 1108 2153 nunc
1131 2095 1213 2171 apud
1233 2094 1303 2154 illos
1319 2095 1440 2171 propria

158 2187 293 2244 exstant.
341 2184 434 2243 (iuius
457 2185 500 2242 rei
524 2183 755 2259 explicationem
779 2183 916 2259 equidem
939 2200 1001 2242 non
1023 2184 1122 2244 vidae.

267 2274 354 2332 Mitto
378 2275 414 2332 de
436 2274 495 2331 hac
517 2291 548 2331 re
571 2273 659 2348 plura
681 2273 713 2331 in
735 2272 911 2331 universum
935 2272 1088 2341 disserere,
1114 2291 1190 2341 cum,
1216 2274 1367 2349 quomodo
1391 2290 1439 2331 res

157 2380 195 2420 se
225 2363 345 2432 habeat,
384 2362 576 2437 perspicuum
610 2361 651 2420 sit
685 2379 720 2419 ac
754 2379 792 2419 ne
823 2361 1003 2420 coniecturis
1035 2361 1154 2436 quidem
1185 2379 1242 2420 nos
1269 2362 1439 2421 incumbere

162 2454 308 2525 oporteat.
354 2450 521 2527 Postquam
556 2451 633 2508 enim
669 2467 763 2525 supra
797 2451 918 2508 ostendi
952 2450 1029 2508 satis
1064 2450 1167 2508 multis
1202 2451 1277 2509 locis
1312 2451 1438 2509 eundem

158 2540 275 2599 iontem
299 2558 367 2598 esse
391 2540 582 2616 exscriptum,
608 2557 696 2614 quem
720 2539 811 2597 etiam
826 2540 922 2598 Varro
946 2539 1030 2608 adiit,
1055 2539 1095 2607 id,
1120 2540 1202 2614 quod
1225 2557 1277 2614 per
1293 2558 1326 2598 se
1345 2557 1439 2597 unum

161 2631 210 2687 est
239 2629 409 2697 verisimile,
443 2629 534 2687 etiam
563 2628 757 2686 verisimilius
787 2629 825 2686 iit
848 2646 894 2698 eo,
927 2628 1016 2704 quod,
1042 2627 1123 2686 siout
1145 2628 1204 2686 iarn
1229 2629 1305 2686 Odor
1313 2626 1336 2706 ¹)
1360 2632 1439 2687 recte

159 2717 356 2793 praedicarit,
382 2721 504 2776 constat
519 2718 688 2793 Diophanis
712 2713 872 2796 γεωργικά
895 2719 934 2776 ab
949 2717 1093 2776 Anatolio
1109 2717 1231 2792 Berytio
1248 2736 1301 2793 per
1315 2718 1438 2776 Floren-

160 2806 258 2864 tinum
282 2825 350 2865 esse
373 2824 526 2881 expressa.
573 2807 659 2877 Quod
682 2806 730 2864 his
753 2807 943 2881 geoponioon
966 2807 1042 2864 locis
1066 2807 1171 2881 procul
1193 2807 1285 2866 dubio
1310 2807 1439 2865 efficitur

159 2895 201 2951 Vl
221 2896 269 2964 15,
284 2896 319 2958 2:
342 2892 414 2974 περὶ
438 2892 473 2955 δὲ
494 2897 550 2956 τοῦ
573 2892 690 2955 θᾶττον
712 2892 925 2955 καθίστασθαι
953 2891 989 2954 τὸ
1017 2892 1149 2974 γλεῦκος
1171 2892 1314 2975 εὑρήσεις
1336 2893 1370 2956 ἐν
1391 2901 1440 2974 τῷ

161 2982 253 3062 τρίτῳ
274 2981 387 3063 βιβλίῳ
410 2980 593 3063 Διοφάνους
614 2981 778 3050 καλλίστας
800 2981 972 3063 μιθόὸους,
996 2986 1027 3041 et
1048 2984 1142 3053 x29,
1157 2983 1193 3046 4:
1217 2980 1380 3064 Διοφάνης
1404 2982 1440 3045 δέ

156 3093 257 3151 φησιν
279 3071 313 3133 ἐν
334 3076 399 3140 τοῖς
421 3076 607 3152 γεωργικοῖς
629 3070 735 3142 αὐτοῦ,
759 3069 901 3152 ἐρυθρᾶς
928 3070 1068 3150 γίνεσθαι
1090 3068 1146 3140 τὰς
1168 3069 1266 3151 ῥοιάς,
1297 3069 1352 3133 ἐὰν
1375 3071 1437 3134 κτλ.

161 3195 203 3203 -
227 3162 282 3219 Hie
314 3161 425 3237 aliquis
458 3165 594 3239 opponat
617 3164 694 3220 certe
717 3161 905 3236 Diophanem
927 3161 1028 3235 ipsum
1050 3161 1098 3219 his
1122 3162 1198 3219 locis
1222 3179 1290 3220 esse
1312 3162 1436 3229 iontem,

160 3251 218 3308 hac
241 3253 343 3309 autem
367 3268 457 3308 exre
481 3251 561 3309 effici
584 3268 645 3308 non
668 3251 755 3308 licere
779 3251 870 3308 etiam
894 3249 957 3307 alia
980 3252 1071 3325 atque
1101 3249 1247 3325 imprimis
1271 3251 1346 3308 haec
1368 3251 1438 3308 inde

156 3339 296 3408 fluxisse,
331 3338 410 3398 sicut
440 3340 505 3416 ipse
535 3339 707 3414 negaverim
729 3338 894 3396 Varronem
924 3340 1041 3412 praeter
1067 3338 1136 3396 illos
1161 3338 1238 3395 duos
1261 3339 1346 3396 locos
1370 3357 1437 3396 esse

157 3427 281 3486 iontem.
328 3427 387 3486 Sed
409 3446 458 3487 res
480 3429 621 3487 videntur
642 3429 762 3485 tantum
785 3427 907 3485 eaedem
931 3443 1006 3484 esse.
1054 3426 1179 3484 Collatia
1203 3427 1281 3484 enim
1303 3426 1437 3485 Varrone

156 3520 191 3574 et
213 3517 388 3593 geoponiois
413 3518 554 3593 apparuit
576 3518 616 3575 ad
638 3517 802 3574 Varronem
826 3516 904 3574 duos
926 3517 1047 3573 tantum
1070 3516 1164 3584 locon,
1197 3516 1307 3590 quibus
1330 3516 1436 3591 singu-

159 3605 233 3664 laris
256 3609 305 3664 est
327 3610 445 3675 natura,
471 3606 571 3664 referri
594 3623 695 3682 posse,
728 3607 894 3663 ceterorum
924 3607 1025 3662 autern
1057 3605 1187 3662 indolem
1210 3622 1277 3662 eam
1300 3622 1377 3673 esse,
1402 3609 1438 3663 ut

161 3698 215 3752 aut
237 3695 312 3753 nihil
336 3695 408 3752 certi
431 3695 582 3754 efficiatur
604 3696 660 3752 aut
683 3693 797 3752 clarum
820 3693 861 3751 sit
876 3693 1065 3768 geoponicon
1082 3696 1235 3751 auctorem
1250 3710 1436 3751 communem

159 3782 273 3841 iontem
295 3783 418 3842 uberius
443 3787 534 3860 atque
557 3783 706 3842 interdum
729 3783 840 3841 rectius
864 3782 1071 3858 exscripsisse.
1118 3782 1232 3852 Quodsi
1254 3781 1436 3840 verisimilli-

160 3889 240 3929 mum
265 3874 313 3930 est
333 3873 498 3930 Varronem
521 3891 537 3931 e
561 3872 684 3930 Graecis
715 3889 809 3929 unum
841 3871 1029 3947 Diophanem
1057 3874 1211 3930 auctorem
1234 3871 1344 3940 adisse,
1369 3889 1436 3946 per·

157 3961 246 4018 multi
270 3963 372 4018 autem
394 3962 583 4037 geoponicon
605 3961 665 4020 loci
689 3978 726 4019 ex
741 3960 877 4019 Varrone
909 3962 988 4018 certe
1018 3977 1080 4019 non
1103 3962 1311 4029 manaverunt,
1344 3960 1436 4018 huius

160 4052 262 4107 autem
293 4049 435 4107 simillimi
467 4052 547 4118 sunt,
580 4052 673 4125 atque
703 4050 826 4123 insuper
857 4051 980 4107 constat
1001 4048 1191 4123 Diophanem
1214 4068 1234 4106 a
1256 4049 1351 4124 primo
1375 4050 1436 4107 iere

156 4138 347 4212 geoponicon
370 4141 502 4207 auctore,
519 4139 663 4197 Anatolio
684 4138 807 4206 scilicet,
833 4155 901 4196 esse
917 4155 1100 4213 expressum,
1118 4155 1179 4196 non
1196 4138 1301 4196 dubito
1318 4141 1437 4214 propter

159 4226 190 4284 id
221 4227 330 4302 ipsum,
368 4228 449 4303 quod
480 4228 584 4286 eadem
614 4227 675 4285 iere
705 4228 798 4286 verba
821 4226 904 4301 apud
926 4226 1090 4284 Varronem
1114 4229 1246 4296 exstant,
1279 4229 1310 4284 et
1339 4227 1435 4284 illos

156 4315 348 4391 geoponicon
371 4316 456 4375 locos
480 4317 620 4385 ethos,
647 4316 683 4374 de
707 4316 817 4391 quibus
840 4333 889 4374 res
913 4318 968 4384 est,
993 4314 1144 4389 Diophani
1167 4316 1337 4375 attribuere.
1375 4316 1435 4373 Ασ-

266 4541 284 4610 ¹)
303 4541 320 4596 l.
334 4541 351 4596 l.
365 4556 392 4610 p.
404 4540 448 4596 si.
486 4540 525 4596 Cf.
545 4540 609 4595 ibid.
628 4557 655 4612 p.
668 4539 765 4610 94195:
785 4541 963 4596 Florentinus
982 4584 987 4595 .
1009 4585 1014 4595 .
1034 4581 1042 4594 .
1060 4539 1136 4594 kann
1154 4540 1203 4595 der
1214 4540 1375 4595 Vermittler
1387 4540 1435 4594 des

158 4610 321 4682 Diophanes
347 4627 477 4695 genesen
504 4613 571 4676 sein,
600 4612 655 4678 der,
684 4612 737 4666 wie
756 4611 894 4737 Garpdius
911 4612 1054 4666 Martialis'
1074 4612 1163 4666 Zitate
1182 4612 1287 4680 aeigen,
1315 4610 1389 4666 noch
1406 4612 1435 4665 in

155 4682 208 4736 der
226 4685 320 4738 ersten
340 4682 434 4737 Halite
453 4683 501 4737 des
519 4684 544 4738 3.
558 4682 763 4738 Jahrhunderts
780 4699 816 4752 ge
828 4698 894 4738 esen
912 4683 1014 4737 wurde.

1221 4770 1255 4825 6.
