3525 5342
720 385 941 448 -73-

301 581 387 639 geop.
404 563 472 622 XIV
492 565 518 632 1,
531 565 563 623 5:
593 569 699 646 τροφῇ
731 563 766 627 δὲ
796 562 831 626 τὸ
860 565 946 638 ζῶον
977 566 1029 644 (sc.
1052 566 1072 646 ἡ
1095 568 1270 648 περιστερά)
1294 569 1395 648 χαίρει
1416 567 1472 630 λα-

191 651 314 732 θάροις,
343 649 481 732 ὀρόβοις,
509 651 588 724 τίλει,
620 652 714 734 πίσῳ,
738 659 837 735 φακῇ,
861 653 947 734 σίτῳ,
979 655 1032 716 καί
1054 660 1119 724 τοῖς
1140 656 1175 728 ἒξ
1197 656 1303 718 αὐτῶν
1325 658 1473 730 ζιζανίοις

191 745 254 808 τοῖς
276 738 497 821 καλουμένοις.

302 831 337 891 V.
354 831 394 888 III
411 831 487 900 V‚8:
514 832 723 910 „delectantur
739 834 831 902 milio,
853 835 963 903 tritico,
981 835 1103 904 hordeo,
1121 836 1198 910 piso,
1216 837 1345 906 iasiolis,
1369 832 1472 896 ervo“.

193 921 226 978 ci.
245 921 306 978 Col.
322 920 389 977 VIII
406 919 435 988 8,
447 921 475 978 6.
499 954 543 962 ——
566 921 606 980 Ut
621 940 667 991 ea,
693 941 771 997 quae
787 924 956 998 geoponica
971 925 1094 992 habent,
1116 942 1153 982 ex
1167 925 1302 984 Varrone
1316 927 1474 995 fluxerint,
1585 920 1589 926 ’

190 1010 255 1067 fieri
278 1027 339 1067 non
362 1012 474 1083 potest,
498 1027 566 1068 cum
589 1011 652 1069 alia
674 1030 711 1070 ac
732 1012 924 1070 Varroniana
946 1013 1016 1071 elnt
1061 1013 1173 1071 Tamen
1195 1013 1470 1074 animadvertimus

191 1101 328 1157 nostrum
351 1098 423 1156 item
447 1117 483 1156 ac
511 1116 597 1175 geop.
622 1119 677 1158 sex
701 1101 785 1158 cibos
810 1119 994 1171 enumerare,
1026 1101 1200 1178 etquidem
1223 1121 1277 1178 pro
1307 1100 1462 1183 λαθύροις

192 1204 268 1245 voce
291 1205 361 1245 rara
383 1190 414 1245 et
436 1206 474 1245 ne
498 1205 578 1247 nuno
601 1189 721 1264 quidem
745 1190 823 1248 satis
848 1191 1012 1265 explicata,
1037 1191 1097 1264 legi
1120 1191 1244 1260 milium,
1268 1193 1368 1266 pisum
1390 1195 1473 1269 apud

191 1279 352 1352 utrumqne
369 1279 478 1351 quarto
499 1277 567 1335 loco
592 1280 682 1346 stare,
708 1281 793 1338 σῖτον
816 1297 885 1338 esse
901 1279 1033 1337 divisum
1056 1279 1088 1337 in
1109 1280 1242 1338 triticum
1265 1283 1297 1339 et
1317 1282 1470 1352 hordeum,

193 1363 322 1436 ζιζάνια,
356 1365 468 1440 quibus
492 1384 571 1442 quae
596 1367 735 1425 dicantur
765 1385 801 1425 ne
832 1385 890 1426 nos
922 1369 1043 1444 quidem
1074 1368 1163 1443 plane
1192 1369 1318 1439 scimus,
1350 1372 1472 1430 omnino

191 1473 260 1512 esse
283 1454 406 1512 omissa.
445 1455 529 1524 Quae
546 1473 613 1512 cum
636 1457 681 1513 ita
704 1457 773 1524 sint,
799 1457 882 1514 haud
899 1458 963 1516 scio
987 1475 1027 1515 an
1042 1457 1092 1515 hic
1109 1476 1231 1534 quoque
1251 1459 1283 1516 in
1297 1461 1473 1534 geononicis

192 1543 340 1618 legantur,
366 1560 445 1618 quae
469 1544 530 1602 iam
553 1544 649 1602 Varro
674 1546 755 1619 apud
780 1548 935 1604 auctorem
959 1547 1084 1604 invenlt.

302 1650 388 1707 geop.
404 1631 472 1689 XIV
489 1633 585 1698 7,le
622 1631 878 1711 διαγιγνώσκεται
910 1632 945 1695 δὲ
974 1631 1012 1694 τὰ
1040 1633 1101 1705 ὠά,
1132 1635 1161 1695 ει’
1185 1632 1317 1714 γόνιμον
1348 1635 1411 1716 ἔχει
1437 1634 1473 1697 τὸ

192 1717 271 1792 ἐνόν,
304 1717 360 1781 ἐὰν
382 1717 460 1800 μετὰ
483 1719 630 1801 τετάρτην
653 1721 778 1802 ἡμέραν
807 1725 863 1783 τοῦ
886 1721 1074 1803 θαλφθῆναι
1102 1721 1185 1801 πρὸς
1211 1721 1268 1803 τὴν
1291 1721 1394 1805 αὐγὴν
1415 1729 1473 1786 τοῦ

191 1807 279 1888 ἡλίου
300 1807 474 1889 θεωρῆται.
498 1807 563 1871 ἐὰν
584 1807 653 1890 μὲν
677 1809 746 1890 γάρ
769 1834 800 1872 τι
822 1810 1003 1892 φαίνηται
1027 1809 1229 1892 διατρέχον
1252 1811 1388 1881 ι’νῶδες
1410 1812 1473 1875 καί

190 1897 368 1978 ὕφαιμον,
392 1891 587 1984 <γόνιμόν>
610 1897 747 1961 ἔστιτὸ
771 1898 864 1961 ἐνόν.
902 1898 958 1962 ἐὰν
982 1899 1017 1962 δὲ
1033 1898 1185 1980 διαφανὲς
1204 1900 1261 1981 εἴη,
1285 1901 1332 1969 ὡς
1355 1901 1473 1981 ἄγονον

192 1985 369 2068 ε’κβλητέον,
394 1985 460 2048 ἀντὶ
484 1984 518 2049 δὲ
540 1990 605 2049 τῶν
629 1987 963 2070 ἀποδοκιμαζομένων
986 1988 1076 2069 ἔτερα
1098 1987 1282 2051 ὑποθετέον.

303 2077 519 2146 V.1119,12:
553 2095 642 2156 „ova
669 2097 747 2154 qnae
771 2079 961 2149 incubantnr‚
987 2081 1159 2138 habeantne
1183 2098 1286 2138 semen
1309 2080 1393 2155 pulli,
1419 2099 1473 2138 cu-

193 2170 274 2225 rator
297 2166 467 2241 quadriduo
485 2169 564 2242 post,
591 2185 682 2242 quam
705 2169 841 2226 incubari
865 2170 974 2244 coepit,
1000 2169 1172 2244 intellegere
1187 2172 1299 2244 potest.
1323 2171 1349 2226 si
1366 2173 1474 2229 contra

191 2254 292 2312 lumen
308 2255 406 2312 tenuit
430 2259 460 2314 et
479 2274 587 2330 purum
611 2258 702 2314 unius
726 2258 807 2315 modi
831 2275 900 2315 esse
924 2258 1147 2326 anImadvcrtit,
1172 2262 1284 2333 putant
1306 2259 1472 2317 eiciendum

192 2347 222 2401 et
243 2343 327 2401 aliud
351 2340 606 2402 subiciendum“.*

301 2450 387 2508 geop.
404 2433 471 2490 XIV
487 2433 582 2501 7,25:
614 2430 650 2493 τὰ
676 2430 711 2494 δὲ
734 2431 994 2513 ε’κκολατιτόμενα
1018 2433 1136 2495 νεόττια
1160 2433 1285 2502 εὐθέως
1307 2432 1472 2496 ὑποσπάσ-

192 2519 261 2581 τέον
284 2519 319 2591 ἐξ
341 2519 474 2601 ἑκάστης
506 2519 637 2601 ὄρνιθος
668 2520 722 2582 καὶ
744 2521 940 2604 ὑποβλητέον
962 2527 1000 2604 τῇ
1024 2521 1254 2604 δλιγαρχούσγγ.
1277 2521 1315 2584 τὰ
1337 2521 1373 2584 δὲ
1394 2524 1472 2604 παρ’

194 2607 272 2690 αὐτῇ
301 2607 348 2689 μὴ
380 2607 584 2690 κολασθέντα
616 2608 666 2671 <bd
696 2611 942 2692 καταμεριστέον
972 2612 1016 2680 εἰς
1038 2610 1093 2680 τὰς
1116 2612 1158 2673 ἔτι
1180 2611 1377 2685 θαλαοάσας,
1408 2612 1473 2674 ἴνα

190 2699 271 2776 μετ’
288 2697 447 2760 ἐκείνων
461 2697 686 2779 θαλπόμενα
703 2700 722 2772 ζ
726 2705 955 2780 ωογονῆται,
975 2705 1013 2782 τῇ
1029 2698 1064 2762 δὲ
1080 2699 1291 2782 δλιγαρχοάσῃ
1307 2700 1474 2782 τριάκοντα

191 2785 293 2865 μόνον
316 2786 468 2858 νεοττούς,
491 2786 537 2868 μὴ
561 2786 665 2860 πλέον,
689 2788 894 2869 άποβλητέον.

301 2878 336 2936 V.
359 2877 399 2934 III
417 2876 542 2954 9,131):
570 2896 720 2958 „excusos
745 2879 846 2954 pullos
870 2881 1100 2938 subducendum
1124 2899 1162 2938 cx
1185 2880 1315 2954 singulis
1338 2880 1419 2939 nidis
1442 2883 1474 2939 et

195 2966 405 3025 subiciendum
436 2967 473 3045 ei,
508 2985 586 3043 quae
610 2969 723 3026 habeat
746 2986 875 3044 paucos;
910 2971 949 3027 ab
974 2988 1079 3045 eaque,
1114 2971 1142 3028 si
1173 2970 1290 3045 reliqua
1320 2970 1384 3028 sint
1413 2988 1475 3028 ova

191 3056 344 3128 pauciora,
369 3055 504 3114 tollenda
527 3059 558 3114 et
581 3057 759 3115 subicienda
774 3057 854 3126 aliis,
880 3076 958 3132 quae
973 3059 1108 3116 nondum
1125 3059 1311 3116 excuderunt
1326 3061 1357 3116 et
1371 3059 1472 3116 minus

192 3143 304 3202 habent
327 3144 452 3219 triginta
475 3145 585 3220 pullos.
624 3147 682 3204 hoc
706 3147 784 3203 enim
807 3164 926 3222 gregem
950 3147 1094 3204 maiorem
1117 3164 1178 3204 non
1200 3144 1403 3205 iaciendum“.
1436 3146 1472 3206 ci.

192 3232 251 3292 Ool.
267 3233 333 3290 VIII
349 3234 377 3302 5,
391 3235 418 3292 7.
442 3267 486 3276 -—
508 3234 706 3293 Manifestum
738 3238 786 3292 est
815 3235 984 3309 geoponica
1014 3253 1051 3292 ex
1074 3236 1209 3293 Varrone
1240 3253 1302 3293 non
1333 3236 1470 3310 pendere,

192 3337 259 3378 cum
282 3323 378 3380 multo
403 3323 527 3381 meliora
550 3327 581 3381 ct
604 3324 734 3382 rectiora
749 3324 807 3381 hoc
830 3324 1001 3381 exhibeant.
1040 3323 1096 3381 Hic
1120 3324 1198 3381 enim
1220 3324 1329 3380 iterum
1351 3323 1473 3382 levissi-

191 3427 271 3468 mum
303 3429 336 3468 se
360 3413 492 3486 praebet,
526 3430 594 3470 cum
625 3431 662 3470 ne
693 3413 724 3469 id
754 3412 874 3486 quidem
906 3413 1036 3470 senserit
1067 3431 1101 3471 se
1132 3430 1186 3469 eas
1217 3411 1359 3484 galliuaa
1394 3430 1472 3487 quae

191 3501 324 3557 nondum
353 3501 545 3570 excuderunt,
580 3501 681 3577 pullos
705 3501 815 3558 habere
839 3501 946 3569 dicere,
979 3519 1048 3558 cum
1070 3501 1156 3560 brevi
1187 3503 1257 3558 ante
1287 3501 1353 3576 ipse
1384 3519 1472 3576 prac-

192 3588 312 3663 ceperit,
344 3593 380 3646 ut
411 3591 517 3648 excusi
540 3590 615 3665 pulli
647 3607 683 3648 ex
708 3589 837 3664 singulis
869 3590 949 3648 nidis
973 3591 1231 3648 subtraherentur.
1277 3589 1316 3647 Ut
1338 3590 1370 3647 ln
1393 3591 1473 3647 hunc

193 3694 320 3736 errorem
343 3679 496 3747 incideret,
521 3679 656 3738 fortasse
680 3683 841 3754 propterca
862 3679 980 3736 iactum
1003 3682 1059 3748 est,
1085 3678 1168 3754 quod
1182 3678 1358 3754 Diophanes
1378 3680 1474 3736 verba

194 3768 250 3845 ,γῇ
274 3762 545 3846 δ’δλιγαρχοάσῃιι
573 3768 733 3836 deleverat,
767 3769 879 3842 quibus
911 3768 1035 3826 omissis
1066 3769 1124 3826 hoc
1146 3767 1254 3826 vibium
1285 3767 1374 3825 iacile
1403 3768 1472 3825 oriri

190 3856 298 3928 potuit.

296 3962 382 4020 geop.
399 3945 465 4002 XIV
482 3946 577 4012 22,8:
609 3943 787 4006 ὠοτοκοῦσι
811 3941 845 4005 δὲ
871 3943 974 4023 τρίτον
1000 3948 1056 4005 τοῦ
1089 3944 1178 4012 ἔτους
1208 3943 1280 4012 ἕως
1303 3942 1352 4024 ιβ’
1377 3943 1472 4006 ὠῶν.

297 4035 333 4092 V.
356 4034 510 4102 11110‚3:
545 4034 704 4114 „singulae
729 4033 780 4109 (sc.
805 4032 940 4110 anseresl
963 4052 1026 4092 non
1049 4035 1117 4110 plus
1142 4052 1233 4110 quam
1256 4037 1303 4092 ter
1331 4035 1362 4092 in
1393 4052 1472 4093 anno

192 4119 360 4195 pariunt“.*
400 4123 437 4182 ci.
463 4123 524 4182 Col.
540 4123 608 4181 VIII
628 4123 677 4192 14,
689 4124 717 4181 5.

297 4229 383 4286 geop.
400 4211 454 4269 XV
470 4212 543 4280 3‚4:
577 4210 638 4271 ἔστι
662 4208 697 4272 δὲ
719 4208 869 4290 καθαρὸν
891 4208 1054 4291 ὑπερβολῇ
1083 4207 1119 4271 τὸ
1148 4210 1244 4288 ζῶον,
1277 4208 1382 4272 οὐδενὶ
1408 4212 1473 4270 τῶν

192 4295 351 4360 δνσώδων
385 4297 439 4360 καλ
473 4297 670 4379 ἀκαθάρτων
700 4298 910 4380 προσιζάνον·
942 4299 1015 4361 οὔτε
1046 4297 1162 4379 λίχνον,
1193 4299 1266 4360 οὔτε
1297 4296 1331 4360 δὲ
1363 4297 1472 4377 σαρξὶν

190 4523 203 4576 f
272 4453 502 4579 t²lVeli13ixam
524 4470 599 4508 nunc
623 4455 763 4578 retspicias,
790 4459 963 4579 quanitopere
988 4455 1257 4579 etiamtordohqng
1281 4452 1392 4578 singula
1410 4469 1475 4578 proi

190 4539 272 4720 {IX
285 4541 720 4722 dubitabiturne
733 4541 1149 4668 circumlinunt,
1187 4540 1268 4663 δῖοί
1290 4540 1474 4650 XXXX

188 4681 291 4721 canus
309 4684 413 4738 appare
433 4685 462 4723 1.
