3525 5342
810 379 1034 444 -52-

393 565 549 638 Attingam
571 566 691 621 tantum
714 564 753 631 id,
786 563 867 637 quod
899 562 1011 637 aliquis
1039 562 1131 620 etiam
1160 562 1192 618 in
1223 580 1290 619 earn
1312 561 1441 620 incidere
1464 563 1566 637 possit

279 654 463 730 opinionem,
496 656 531 710 ut
548 653 643 710 ¹dicat
664 653 830 711 Varronem
861 653 982 727 quidem
1012 651 1087 708 haec
1111 669 1149 708 ex
1171 651 1379 725 Theophrasto
1401 651 1470 726 ipso
1501 668 1564 710 non

282 743 433 812 hausisse,
459 742 579 799 minime
602 745 704 799 autem
726 741 788 798 iam
811 758 878 798 esse
902 741 1141 798 demonstratum
1163 757 1201 798 ex
1225 740 1332 798 Cassio
1355 740 1502 815 Dionysio
1526 758 1564 798 ea

281 832 419 900 fluxisse,
453 849 520 889 cum
552 831 642 888 etiam
665 830 754 904 Mago
785 829 894 887 litteris
925 829 1130 904 peripateticis
1161 847 1237 886 usus
1270 829 1318 886 sit
1366 829 1442 886 Fieri
1472 829 1565 903 igitur

284 921 430 997 potuisse,
456 923 491 977 ut
514 921 617 978 omnia
631 920 706 976 haee
730 936 767 976 ex
789 919 930 976 versione
946 918 1056 976 Latina
1070 918 1166 975 Varro
1182 918 1322 975 hauriret
1355 917 1450 976 Video
1474 918 1562 986 enim,

280 1013 430 1085 quantum
454 1009 563 1067 attinet
587 1009 625 1065 ad
649 1007 732 1076 illud,
767 1008 937 1065 Stadlerum
961 1005 1138 1081 (Abhandlg.
1156 1011 1211 1064 etc.
1235 1024 1262 1081 p.
1282 1006 1354 1083 186)
1378 1007 1564 1080 argumentis

283 1116 344 1156 non
375 1098 478 1156 allatis
509 1099 646 1156 secutum
678 1096 890 1154 Schneiderum
922 1095 1046 1173 (indices
1070 1096 1096 1151 V
1119 1113 1147 1170 p.
1164 1095 1217 1173 87)
1248 1100 1375 1171 putasse
1405 1096 1564 1170 Magonem

279 1188 416 1246 Graecos
448 1186 559 1254 adisse,
592 1203 647 1242 nec
678 1203 738 1244 non
769 1185 847 1242 idem
879 1185 1040 1243 Gentillius
1065 1183 1091 1260 (1
1113 1185 1131 1242 1
1156 1202 1183 1259 p.
1204 1184 1276 1252 153,
1287 1185 1317 1262 3)
1349 1185 1456 1259 paucis
1487 1184 1563 1242 locis

282 1277 487 1334 demonstrare
518 1277 647 1332 conatus
678 1277 732 1332 est
778 1275 822 1331 De
845 1274 906 1332 illis
929 1275 1023 1332 verba
1052 1273 1151 1332 iacere
1178 1273 1344 1342 mittamus,
1377 1273 1469 1330 huius
1491 1291 1563 1331 vero

279 1364 543 1440 argumentatione
567 1363 722 1437 diligenter
745 1363 775 1420 in
800 1380 926 1420 examen
949 1365 1062 1421 vocata
1089 1362 1231 1437 apparuit
1253 1380 1320 1420 eam
1343 1362 1418 1420 nihil
1441 1362 1563 1421 omnino

283 1453 383 1511 valere
408 1453 447 1509 ad
477 1455 596 1509 tantam
626 1469 687 1509 rem
719 1452 981 1527 comprobandam.
1006 1450 1159 1522 —Quod
1188 1468 1260 1509 vero
1292 1451 1402 1508 attinet
1432 1452 1561 1518 adhoc,

279 1541 445 1600 Gentillius
462 1541 567 1598 miram
583 1541 810 1599 Reitzensteinii
834 1541 1006 1615 opinionem
1030 1540 1187 1615 amplexus
1211 1543 1259 1596 est
1281 1540 1334 1598 11
1358 1557 1386 1614 p.
1407 1540 1468 1598 153
1489 1541 1563 1597 haee

280 1647 414 1706 ponens:
442 1629 529 1709 „Qua
544 1630 575 1686 11
598 1648 629 1687 11
654 1630 765 1704 optime
781 1630 876 1687 Reitz.
898 1629 1120 1696 animadvertit,
1146 1647 1214 1686 cum
1229 1628 1325 1686 Varro
1342 1629 1389 1687 bis
1404 1629 1563 1703 Magonem

285 1723 315 1776 et
343 1719 522 1793 Dionysium
555 1718 644 1777 simul
677 1718 815 1776 laudaret
843 1716 993 1793 (111,27;
1023 1718 1065 1775 111
1079 1718 1109 1785 2,
1123 1716 1183 1794 131,
1215 1721 1343 1793 utroque
1375 1735 1443 1774 eum
1474 1735 1564 1775 usum

277 1826 352 1866 esse
383 1808 436 1876 ita,
469 1811 504 1864 ut
534 1808 677 1882 pleraque
701 1825 717 1864 e
740 1807 838 1865 latina
864 1807 1013 1876 versione,
1046 1807 1210 1864 eGraecis
1241 1810 1342 1864 autem
1366 1824 1445 1881 quae
1464 1804 1564 1882 ‘prae-

284 1899 396 1972 scripto
420 1897 590 1971 interpretis
618 1895 748 1954 nomine’
772 1897 925 1970 proferret,
957 1896 1120 1954 hauriret“.
1168 1895 1263 1965 Quam
1294 1895 1466 1970 opinionem
1496 1913 1564 1952 esse

281 2004 457 2061 perversam
488 2003 575 2043 nemo
608 1985 668 2042 iam
699 1987 796 2058 neget,
829 1987 993 2060 postquam
1016 1985 1255 2042 demonstratum
1277 1987 1325 2043 est
1348 1984 1442 2042 multo
1466 1984 1562 2059 plura,

285 2093 376 2151 quam
400 2093 478 2150 quae
503 2074 654 2149 expressis
677 2073 778 2132 verbis
802 2074 910 2131 Cassio
934 2073 1148 2141 attribuuntur,
1173 2074 1242 2130 inde
1266 2091 1334 2131 1111
1356 2074 1478 2131 hausta

395 2165 495 2238 Atque
518 2165 554 2220 ut
577 2164 669 2220 etiam
691 2163 749 2220 hoc
774 2163 879 2221 statim
903 2163 1076 2236 adiungam,
1102 2164 1182 2220 certe
1205 2180 1267 2220 non
1291 2162 1430 2220 Cassium
1453 2163 1563 2237 ipsum,

282 2253 339 2311 sed
362 2253 551 2326 Diophanem
574 2252 668 2310 Varro
693 2251 839 2320 adhibuit,
873 2253 955 2326 quod
986 2251 1031 2309 sic
1052 2253 1173 2308 tantum
1204 2251 1380 2325 explicatur,
1413 2250 1564 2325 quomodo

280 2345 388 2399 noster
410 2341 442 2398 in
466 2358 579 2398 errores
602 2344 666 2397 tam
689 2358 798 2414 graves
821 2340 951 2398 incidere
975 2340 1114 2415 potuerit,
1147 2340 1263 2397 scilicet
1284 2343 1450 2414 propterea,
1484 2340 1565 2414 quod

285 2431 461 2505 Diophanes
474 2429 573 2487 Cassii
590 2447 667 2504 opus
685 2430 900 2487 circumcidens
916 2430 1039 2503 saepius
1051 2446 1148 2486 rerum
1165 2445 1312 2486 conexum
1324 2429 1369 2486 ita
1379 2429 1562 2496 instituerat,

282 2522 320 2576 ut
343 2520 408 2594 ipse
432 2518 561 2593 quidem,
595 2519 706 2594 quippe
730 2518 782 2593 qui
806 2518 946 2575 Cassium
969 2518 1118 2592 integrum
1140 2518 1286 2584 novisset,
1312 2518 1413 2576 verbis
1437 2518 1564 2592 quibus-

286 2609 356 2665 dam
380 2607 485 2664 deletis
517 2607 615 2664 adhuc
649 2608 747 2670 sciret.
781 2608 854 2681 quid
878 2607 919 2664 sit
941 2607 1063 2675 dictum,
1088 2606 1182 2664 Varro
1211 2610 1317 2665 eontra
1339 2606 1397 2664 hoc
1419 2607 1481 2664 iam
1503 2623 1565 2663 non

282 2696 451 2771 perspicere
467 2699 580 2771 posset.
621 2696 716 2766 Quam
738 2713 800 2753 rem
824 2696 915 2752 etiam
938 2696 1017 2752 inira
1033 2695 1081 2752 hic
1100 2696 1163 2752 illic
1183 2696 1370 2770 comprobari
1386 2695 1563 2754 videbimus.

399 2783 513 2853 Quodsi
543 2787 609 2842 toto
640 2785 698 2842 hoc
728 2784 796 2842 loco
827 2785 897 2841 inde
929 2803 950 2840 a
980 2801 1045 2859 cap.
1067 2784 1153 2852 39,3
1185 2802 1282 2859 usque
1313 2784 1353 2842 ad
1377 2784 1471 2852 41,6,
1504 2801 1564 2859 quo

286 2874 516 2949 Theophrastus
540 2873 686 2930 uberrime
709 2876 758 2930 est
780 2890 952 2947 expressus,
969 2874 1065 2931 Varro
1081 2873 1322 2948 Theophrastum
1345 2891 1407 2931 non
1421 2873 1563 2947 inspexit,

282 2962 381 3021 multo
412 2961 509 3036 magis
533 2962 619 3019 ,idem
649 2962 681 3018 in
712 2964 828 3020 ceteros
852 2963 1053 3037 Theophrasti
1082 2962 1168 3020 11111
1191 2962 1282 3020 valet
1330 2962 1362 3020 Si
1390 2962 1469 3019 enim
1492 2979 1562 3037 qua,

286 3054 364 3109 certe
388 3051 463 3108 haec
486 3050 641 3109 conclusio
665 3054 713 3108 est
735 3051 827 3119 iusta,
860 3068 928 3108 cum
951 3069 1038 3108 nemo
1063 3054 1168 3126 putare
1191 3051 1292 3125 possit
1313 3051 1389 3119 1111,
1415 3068 1476 3126 111
1500 3068 1565 3107 am-

278 3139 422 3214 plissime
453 3139 506 3196 Th.
538 3142 585 3197 est
615 3140 797 3214 exscriptus,
830 3140 996 3197 Varronem
1027 3140 1134 3198 Cassio
1165 3140 1327 3215 interprete
1362 3157 1430 3198 esse
1464 3157 1563 3206 usum,

287 3232 386 3287 cetera
408 3245 480 3286 vero
503 3229 636 3286 frustula
660 3229 802 3286 exiente
826 3229 922 3303 primo
946 3229 1046 3304 ipsum
1069 3229 1219 3287 hausisse.
1265 3230 1365 3305 Atque
1389 3229 1467 3286 idem
1490 3245 1565 3286 sane

277 3320 323 3375 de
346 3317 508 3376 Aristotele
532 3318 687 3386 statuitur,
721 3318 869 3393 siquidem
901 3318 969 3392 quis
1000 3318 1092 3375 etiam
1119 3318 1200 3375 hunc
1222 3321 1341 3392 praeter
1371 3318 1567 3376 oeconomica

288 3409 440 3464 auctorem
469 3423 538 3464 1111
561 3409 691 3464 censeat
737 3407 825 3464 Hunc
848 3408 927 3465 enim
950 3407 1050 3482 ipsum
1074 3407 1239 3464 Varronem
1262 3407 1433 3481 inspexisse
1456 3407 1505 3465 vel
1529 3423 1565 3463 11

284 3495 459 3553 incredibile
481 3496 623 3564 redditur,
650 3495 732 3571 quod
755 3496 832 3564 loco,
862 3514 922 3571 111
945 3514 1007 3554 111
1030 3496 1223 3554 Aristotelem
1247 3496 1425 3554 nominatim
1448 3495 1564 3562 laudat,

282 3583 377 3651 Ι11111,
402 3587 437 3641 11
459 3602 540 3641 1111
563 3587 694 3652 constat,
719 3602 787 3642 eum
811 3585 847 3641 de
869 3585 923 3642 illa
945 3603 976 3642 re
1001 3585 1100 3659 egisse
1123 3586 1300 3660 suspicatus
1324 3588 1379 3642 est.
1418 3584 1566 3642 Consulto

278 3673 356 3729 dico
384 3673 579 3747 ,suspicatus
604 3676 682 3741 est“,
708 3690 776 3730 cum
799 3673 857 3731 hoc
880 3673 977 3731 multo
1000 3674 1123 3748 11111111
1148 3674 1197 3740 111,
1223 3691 1314 3748 quam
1338 3673 1365 3731 si
1389 3673 1566 3730 111111111-

289 3760 359 3835 plex
374 3761 406 3817 in
422 3778 546 3818 censum
562 3761 684 3819 veniret.
719 3761 879 3820 Praeterea
895 3762 1074 3820 Aristoteles
1090 3763 1167 3819 inter
1190 3765 1331 3820 auctores
1347 3761 1422 3819 adeo
1439 3761 1566 3819 eundem

280 3848 415 3923 -gradum
438 3866 482 3907 ac.
499 3850 551 3907 Th.
576 3850 700 3918 obtinet,
726 3853 761 3908 ut
784 3850 875 3908 etiam
899 3850 951 3909 illo
975 3869 1071 3910 errore
1095 3851 1189 3909 misso
1213 3868 1300 3908 nemo
1323 3851 1383 3908 iam
1407 3853 1566 3908 autumare

289 3937 390 4012 possit
411 3937 604 3996 Aristotelem
633 3957 652 3996 a
675 3939 810 3996 Varrone
842 3939 910 4013 ipso
941 3958 1010 3998 esse
1041 3940 1218 3998 adhibitum.
1268 3939 1383 4015 Itaque,
1417 3938 1566 4015 siquidem

290 4027 407 4100 praeter
438 4028 633 4084 oeconomica
664 4027 820 4085 adhibitus
851 4031 908 4096 est,
943 4029 1034 4087 huius
1067 4045 1189 4104 quoque
1219 4028 1386 4086 doctrinam
1408 4028 1505 4086 Varro
1528 4045 1567 4086 ex

278 4113 396 4172 -.Gassio
420 4114 520 4172 habet

401 4202 469 4261 Una
492 4203 623 4262 eruimus
646 4205 803 4264 Aristoteli
826 4206 964 4275 maxime,
997 4206 1146 4281 siquidem
1177 4224 1245 4264 eum
1268 4205 1401 4281 perlegit,
1433 4206 1566 4263 11111111

290 4294 457 4368 propterea,
491 4293 572 4367 quod
603 4294 629 4351 is
661 4294 741 4352 sicut
762 4295 858 4352 Varro
891 4295 998 4352 harum
1028 4312 1125 4353 rerum
1155 4296 1221 4370 ipse
1252 4312 1313 4352 111
1344 4297 1410 4352 1111
1439 4295 1564 4369 peritus,

291 4381 431 4439 Gessium
454 4381 488 4439 D.
512 4381 632 4439 minime
654 4384 773 4440 tantam
796 4383 941 4441 tribuisse
972 4384 1193 4453 auctoritatem,
1226 4386 1372 4459 quantam
1395 4401 1452 4442 nos
1475 4383 1567 4440 etiam

290 4471 322 4526 in
344 4470 393 4528 his
416 4471 506 4528 rebus
531 4471 558 4528 ei
580 4471 719 4540 tribuere,
744 4474 780 4529 ut
802 4474 886 4547 puto,
916 4473 1006 4531 nimis
1029 4473 1129 4548 parati
1152 4491 1268 4531 111111.
1313 4472 1399 4530 Hanc
1422 4470 1566 4546 imprimis

279 4561 330 4618 ab
361 4577 487 4618 causam
519 4559 618 4618 adhuc
641 4563 672 4618 et
696 4560 858 4619 Schneider
881 4563 912 4619 et
933 4561 1050 4620 Keilius
1073 4564 1104 4620 et
1126 4561 1288 4619 Gentillius
1312 4561 1350 4618 ad
1374 4560 1567 4619 Aristotelem

279 4650 322 4705 .et
350 4648 593 4724 Theophrastum
624 4649 780 4708 rettulisse
811 4650 969 4719 videntur,
1010 4668 1209 4726 quaecunque
1239 4667 1341 4709 eorum
1372 4649 1567 4725 aliquatenus
