3525 5342
718 418 939 482 ..37-

192 616 318 674 prorsus
349 601 453 658 eadem
484 600 584 658 indole
616 600 665 668 sit,
699 617 762 675 qua
790 601 1015 676 epigrammatis
1038 601 1212 660 hexameter
1235 619 1255 658 a
1277 601 1411 660 Varrone
1434 601 1473 659 ΙΙΙ

196 689 279 757 16,4
303 688 451 746 Archelao
476 689 664 764 adscriptus:
966 746 969 751 .

406 775 513 838 ἵππων
536 775 596 856 μὲν
619 781 740 856 σφῆκες
763 774 862 856 γενεά,
885 775 1020 858 μόσχων
1044 775 1079 838 ἀὲ
1101 775 1251 856 με’λισσαι,

193 869 224 924 et
246 870 338 924 antea
360 866 528 924 hexametri
551 884 638 941 pars:

511 951 590 1034 βοὸς
613 953 774 1034 φιλιμένης
796 953 1021 1035 πεπλανημένα
1043 954 1145 1018 τέκνα.

194 1062 271 1131 Quin
306 1062 405 1131 etiam,
443 1063 595 1137 quomodo
630 1062 696 1120 eius
729 1080 807 1137 opus
838 1063 1016 1136 inscriptum
1046 1063 1146 1131 luerit,
1179 1063 1292 1120 scimus
1324 1081 1361 1121 ex
1384 1063 1472 1120 Plinii

192 1152 293 1209 verbis
325 1151 516 1226 quibusdam.
562 1149 592 1208 ls
625 1151 704 1209 enim
735 1152 817 1209 haud
848 1152 938 1209 dubie
969 1152 1050 1209 hunc
1072 1151 1252 1208 Archelaum
1283 1151 1374 1209 affert
1395 1152 1474 1209 inter

193 1242 334 1307 auctores
365 1239 433 1298 libri
464 1242 525 1298 nat.
549 1239 619 1299 hIst.
635 1239 758 1298 XXVIII
783 1241 933 1300 scribens:
968 1241 1031 1318 „Ex
1061 1241 1239 1298 auctoribus
1264 1284 1270 1298 .
1294 1283 1300 1298 .
1326 1284 1332 1298 .
1356 1240 1472 1316 Orpheo

194 1329 246 1403 qui
269 1325 400 1408 ἰδιοφυῆ
423 1326 474 1404 (sc.
499 1328 640 1406 scrIpsit),
666 1329 814 1386 Archelao
839 1329 891 1404 qui
914 1325 1015 1386 item“.
1055 1328 1121 1386 Hoc
1143 1329 1234 1403 igItur
1258 1346 1347 1404 opere
1367 1347 1472 1387 narra-

193 1419 306 1475 bantur
339 1417 432 1474 mirae
468 1434 516 1475 res
551 1417 688 1475 similiter
722 1421 815 1494 atque
849 1420 881 1474 ia
916 1417 1061 1490 Antigoni
1096 1416 1243 1496 ἱστοριῶν
1277 1415 1474 1496 παραδόξων

192 1509 375 1585 συναγωγῇ»
406 1507 437 1562 id
465 1507 547 1580 quod
571 1507 767 1564 confirmatur
791 1510 821 1564 et
843 1507 1094 1582 epigrammatum
1117 1507 1255 1581 partibus
1279 1525 1317 1564 ex
1339 1506 1473 1564 Varrone

194 1595 284 1652 modo
308 1595 410 1652 allatis
435 1596 465 1653 et
488 1595 612 1670 reliquis
637 1595 729 1654 locis:

304 1683 475 1752 v.113,5:
517 1685 573 1764 „de
597 1685 707 1759 quibus
732 1683 783 1759 (sc.
801 1684 911 1761 capris)
936 1681 1144 1741 admirandum
1167 1684 1244 1753 illut,
1278 1685 1358 1759 quod
1383 1685 1474 1741 etiam

193 1772 359 1830 Archelaus
383 1773 500 1830 scribit:
524 1790 585 1830 non
607 1776 643 1830 ut
657 1771 774 1848 reliqua
796 1773 942 1831 animalia
964 1773 1099 1842 naribus,
1125 1773 1178 1830 sed
1194 1773 1319 1830 auribus
1336 1773 1474 1848 spiritum

194 1861 300 1918 ducere
324 1861 420 1919 solere
443 1863 583 1936 pastores
607 1862 787 1920 curiosiores
812 1862 931 1937 aliquot
954 1856 1093 1932 dicunt“;
1125 1861 1165 1919 III
1184 1861 1233 1930 11,
1248 1863 1281 1919 4:
1308 1862 1471 1940 „perdices

194 1967 282 2024 quae,
307 1952 342 2007 ut
365 1950 530 2008 Archelaus
555 1951 667 2020 scribit,
693 1968 768 2008 voce
792 1951 883 2009 maris
908 1950 1016 2008 audita
1038 1945 1248 2024 concipiunt“;
1283 1951 1354 2008 ibid.
1374 1950 1423 2019 12,
1440 1951 1473 2008 4:

197 2039 318 2117 „itaque
343 2040 378 2097 de
402 2039 440 2097 iis
465 2036 517 2115 (sc.
541 2035 704 2118 leporibus]
729 2040 895 2097 Archelaus
927 2039 1040 2107 scribit,
1074 2057 1221 2097 annorum
1241 2041 1328 2114 'quot
1356 2039 1398 2097 sit
1422 2040 1474 2114 qui

193 2128 269 2185 velit
291 2128 376 2196 scite,
402 2128 551 2204 inspicere
575 2132 712 2203 oportere
735 2129 886 2187 foramina
908 2131 1044 2196 naturae,
1079 2128 1160 2203 quod
1184 2128 1250 2186 sine
1277 2128 1369 2186 dubio
1393 2128 1473 2186 alius

194 2217 255 2274 alio
279 2217 371 2274 habet
392 2212 511 2292 plura“.
557 2217 752 2275 Manifestum
776 2217 930 2291 igiturest
953 2217 1045 2275 etiam
1060 2217 1241 2275 Archelaum
1264 2236 1284 2274 a
1300 2217 1469 2286 ,Varrone“

194 2323 263 2363 esse
287 2323 470 2380 expressum.
516 2306 634 2376 Restat,
667 2309 703 2363 ut
732 2307 931 2381 inquiramus,
969 2323 1048 2381 quae
1071 2306 1149 2363 ratio
1180 2306 1258 2364 inter
1279 2306 1474 2364 Aristotelem

194 2397 225 2452 et
247 2394 427 2452 Archelaum
451 2395 618 2453 intercedat
648 2412 779 2470 numque
803 2395 892 2470 plura
915 2413 952 2452 ex
982 2395 1030 2452 his
1054 2395 1199 2452 Varronis
1222 2395 1307 2453 librIs
1331 2395 1474 2452 adhunc

194 2483 289 2541 redire
312 2483 475 2542 verisimile
499 2484 548 2542 sit.
572 2518 616 2526 -
640 2484 793 2554 Quantum
817 2484 927 2542 attInet
950 2484 990 2540 ad
1013 2483 1097 2552 illud,
1127 2500 1195 2540 cum
1218 2485 1313 2559 primo
1338 2502 1375 2541 ex
1397 2484 1473 2541 locis

194 2573 285 2630 modo
318 2572 421 2630 allatis
455 2573 636 2631 conferenda
671 2576 743 2630 sunt
773 2573 850 2630 haee
872 2572 1046 2630 Aristotelis
1077 2574 1171 2630 verba
1193 2573 1222 2630 h.
1238 2591 1265 2630 a.
1289 2572 1391 2638 tcaa,
1421 2572 1473 2630 14:

190 2657 373 2732 Ἀλκμαίων
390 2657 451 2741 γὰρ
475 2659 534 2721 οὐκ
558 2659 666 2740 ἀληθῆ
692 2658 773 2740 λέγει
796 2659 940 2740 φάμενος
963 2658 1113 2721 ἀναπνεῖν
1135 2657 1191 2728 τὰς
1214 2657 1304 2741 αἶγας
1334 2657 1413 2720 κατὰ
1436 2657 1474 2721 cd

193 2743 270 2810 ὦτα.
317 2750 463 2824 Stagirita
492 2750 586 2824 igitur
608 2750 733 2809 eandem
764 2769 823 2808 rem
849 2751 913 2808 iure
936 2751 1060 2826 respuit,
1090 2767 1182 2825 quam
1205 2750 1371 2808 Archelaus
1394 2752 1474 2808 teste

199 2833 372 2918 „Varrone“
399 2839 511 2897 indicto
539 2840 675 2913 neglecto
708 2840 850 2897 exhibuit.
898 2839 963 2897 Hac
993 2857 1025 2896 re
1048 2839 1163 2897 offendi
1193 2857 1255 2897 non
1285 2839 1365 2907 licet,
1401 2857 1474 2896 nam

195 2927 334 2986 Archelai
368 2928 518 2986 eiusmodi
552 2946 600 2986 res
634 2929 808 3003 Indagantis
844 2929 964 2986 minime
999 2930 1143 2986 intererat
1176 2927 1253 2986 talia
1282 2930 1318 2986 ut
1347 2928 1475 2986 ridicula

193 3017 382 3091 redarguere,
408 3018 462 3074 sed
486 3034 576 3091 quam
600 3017 730 3091 plurima
753 3017 902 3092 colligere,
933 3035 1058 3092 eamque
1083 3019 1120 3074 ob
1144 3035 1206 3074 rem
1229 3017 1277 3074 hic
1301 3016 1474 3074 Aristotelis

194 3105 281 3163 locus
313 3106 570 3180 opportunissime
602 3107 628 3164 ei
652 3107 790 3174 occurrit,
827 3107 977 3181 siquidem
1006 3124 1073 3162 eum
1105 3106 1238 3181 perlegit.
1296 3106 1362 3163 Etsi
1396 3106 1475 3163 enim

193 3195 251 3252 hoe
274 3212 327 3269 per
350 3213 383 3252 se
398 3195 646 3252 verisimillimum
671 3197 726 3265 est,
752 3195 929 3270 praesertim
953 3212 1020 3252 cum
1036 3195 1173 3252 similiter
1196 3195 1287 3252 etiam
1301 3194 1474 3268 Antigonus

195 3283 353 3358 Carystius
370 3283 543 3342 Aristotelis
559 3283 705 3342 historias
730 3284 907 3341 animalium
930 3283 988 3341 hoc
1012 3283 1139 3340 consilio
1163 3285 1372 3357 perscrutatus
1396 3278 1473 3355 sit,¹t

193 3374 295 3429 tamen
318 3389 373 3447 pro
398 3382 479 3430 certo
512 3373 541 3429 id
567 3374 701 3430 statuere
732 3373 859 3430 audacis
891 3389 959 3429 esse
982 3372 1055 3428 mihi
1078 3372 1207 3439 videtur,
1245 3388 1312 3428 cum
1337 3388 1374 3428 ex
1405 3370 1473 3445 Ipso

194 3460 367 3518 Aristotelis
395 3461 461 3519 lccc
497 3464 644 3537 appareat
667 3462 792 3518 eandem
826 3478 889 3518 rem
922 3461 984 3517 iam
1017 3462 1109 3518 antea
1143 3477 1211 3517 esse
1245 3461 1400 3517 narratam
1435 3461 1473 3517 ab

194 3550 386 3617 Alcmaeone,
423 3567 460 3608 ex
495 3567 555 3625 quc
590 3559 656 3608 non
686 3550 786 3607 minus
821 3551 898 3607 bene
929 3567 1021 3624 quam
1053 3567 1090 3607 ex
1123 3548 1176 3606 illo
1207 3548 1374 3606 Archelaus
1406 3565 1473 3606 eam

193 3639 314 3696 haurire
338 3639 446 3713 potuit.
492 3639 596 3714 Neque
630 3639 688 3696 hac
720 3639 751 3696 in
783 3638 962 3714 quaestione
994 3655 1052 3696 nos
1083 3638 1173 3695 iuvat
1202 3637 1278 3695 alter
1300 3637 1474 3694 Aristotelis

194 3726 290 3796 locus,
316 3728 369 3802 qui
382 3729 430 3785 est
445 3728 644 3786 conterendus
661 3745 729 3784 cum
740 3728 774 3786 V.
787 3727 828 3798 lll
848 3727 898 3796 11,
912 3727 941 3784 4.
965 3726 1104 3801 LegImus
1121 3725 1199 3784 enim
1215 3727 1243 3784 h.
1256 3745 1283 3783 a.
1301 3725 1403 3794 541a,
1419 3726 1474 3783 26:

196 3811 239 3894 [αῖ
262 3812 296 3875 δὲ
319 3813 465 3893 πέρδικες
488 3815 527 3875 ἂν
551 3814 616 3875 κατ’
634 3814 753 3895 ἄνεμον
769 3818 882 3876 στῶσιν
899 3814 932 3874 αλ
953 3812 1077 3894 θήλειαι
1099 3817 1164 3876 τῶν
1187 3812 1342 3893 ἀρρένων,
1368 3813 1476 3892 ἔγκυοι

193 3903 329 3982 γίνονται
342 3901 509 3972 ’πολλάκις
530 3902 564 3965 δὲ
587 3901 641 3965 καὶ
663 3909 718 3984 τῆς
741 3908 854 3984 φωνῆς
874 3895 1096 3988 (ἀκούουσαι),
1120 3900 1175 3964 ε’ὰν
1191 3900 1333 3983 ὀργῶσαι
1348 3901 1475 3982 τύχωσι,

192 3989 249 4052 καὶ
271 3990 536 4072 ὑπερπετομένων
559 3991 594 4053 ἐκ
618 3997 673 4053 τοῦ
696 3996 908 4054 καταπνεῦσαι
930 3989 985 4054 τὸν
1000 3991 1117 4072 ἄρρενα
1142 4039 1148 4052 .
1173 4040 1180 4053 .
1204 3989 1230 4072 ..]
1276 3993 1380 4068 Neque
1396 3993 1475 4050 enim

195 4083 226 4139 in
250 4082 378 4140 historia
408 4100 506 4158 neque
529 4083 560 4139 in
590 4083 783 4156 generatione
815 4083 991 4140 animalium
1019 4082 1182 4139 tractanda
1204 4081 1384 4140 Aristoteles
1416 4081 1476 4138 fuit

196 4171 287 4246 quasi
310 4168 446 4250 εὑρετής,
473 4172 525 4229 sed
549 4171 609 4228 iam
633 4174 704 4228 ante
729 4188 797 4228 eum
820 4171 962 4247 permulti
985 4171 1022 4229 de
1038 4171 1151 4228 eisdem
1167 4172 1257 4228 rebus
1281 4171 1475 4246 scripserant.

194 4259 257 4317 Neo
280 4260 412 4317 dubitari
435 4262 545 4335 potest,
579 4259 652 4335 quin
675 4260 855 4318 Aristoteles
885 4260 919 4317 in
933 4255 1158 4335 ‘componendis
1181 4259 1230 4316 his
1254 4259 1397 4334 operibus
1421 4275 1475 4316 eos

196 4348 297 4406 tontes
320 4348 368 4406 hie
391 4348 451 4406 illic
483 4348 676 4423 exscripserit
707 4349 796 4406 modo
821 4351 947 4407 secutus
978 4349 1068 4406 modo
1091 4365 1274 4424 repugnans.
1321 4347 1408 4417 Quod
1430 4346 1476 4404 ita

197 4453 230 4494 se
256 4438 375 4506 habere,
409 4439 580 4512 quicunque
611 4438 686 4495 haee
708 4437 882 4496 Aristotelis
915 4437 1071 4496 volumina
1104 4437 1263 4511 pervolvit,
1301 4436 1377 4494 adeo
1412 4451 1474 4492 non

197 4526 328 4601 negabit,
360 4528 395 4583 ut
426 4543 686 4601 supervacaneum
717 4545 786 4584 esse
817 4526 890 4584 mihi
916 4527 1058 4584 videatur
1085 4525 1161 4584 loeis
1185 4524 1289 4584 allatis
1312 4524 1370 4582 hoc
1401 4539 1474 4580 con·

194 4647 409 4658 w

304 4697 321 4768 ¹)
342 4697 376 4754 cf.
387 4697 487 4762 Christ,
508 4698 615 4753 Griech.
627 4697 861 4768 hiteraturgesch.
872 4696 943 4754 ed.4
961 4696 1042 4766 §430
1054 4697 1088 4767 (p.
1101 4695 1178 4767 62l);
1196 4695 1326 4750 Joachim
1338 4695 1355 4751 l.
1366 4694 1384 4750 l.
1394 4711 1420 4764 p.
1432 4694 1475 4749 11.
