3525 5342
817 435 1040 499 -30-

284 619 410 693 scriptis
442 618 594 693 expressis
625 618 726 676 verbis
755 617 815 675 duo
840 618 950 676 statuit
972 618 1082 675 ducum
1105 634 1222 688 genera
1268 618 1329 674 Res
1352 618 1464 691 potius,
1490 619 1570 676 sicut

289 708 360 774 dixi,
386 725 419 765 se
442 708 543 774 hebet.
568 711 604 765 ut
625 711 687 765 tres
712 707 748 764 de
764 707 869 764 eadem
885 724 916 764 re
933 706 1091 780 opiniones
1108 706 1157 763 hic
1172 707 1262 764 nobis
1278 709 1443 764 occurrant
1483 708 1569 776 Quod

288 797 363 854 nihil
386 797 451 854 miri
475 797 576 865 habet,
602 814 670 854 cum
694 796 730 852 de
751 795 901 853 eiusmodi
924 795 1157 871 quaestionibus
1182 797 1264 869 apud
1280 795 1424 869 antiquos
1440 796 1569 854 maxime

290 886 477 961 disputatum
509 903 576 942 esse
608 888 638 941 et
668 902 705 942 ex
736 884 805 942 loco
836 884 926 941 modo
955 883 1099 942 absoluto
1123 888 1154 941 et
1177 901 1214 942 ex
1237 884 1295 941 hoc
1318 887 1408 942 etex
1432 885 1568 959 proximo

287 975 414 1033 eluceat.

403 1063 451 1120 10.
475 1063 509 1122 V.
526 1063 596 1120 ibid.
617 1062 669 1120 19:
704 1061 759 1140 „ds
790 1061 916 1136 reliquis
945 1062 1055 1136 apibus
1079 1063 1196 1137 optima
1218 1065 1266 1120 est
1288 1078 1386 1136 parva
1407 1063 1496 1119 varia
1518 1079 1568 1118 rn-

288 1153 392 1210 tunda.
424 1152 473 1209 fur
497 1151 549 1226 qui
571 1151 740 1219 vocabitur,
766 1152 805 1208 ab
829 1151 899 1208 aliis
921 1151 1020 1219 fucus,
1046 1155 1094 1209 555
1116 1154 1182 1208 ater
1205 1154 1236 1207 et
1257 1151 1321 1208 lato
1344 1149 1479 1208 ventre“.

399 1241 434 1297 A.
450 1241 479 1298 h.
496 1259 523 1297 a.
541 1240 643 1308 5531),
662 1242 694 1298 7;
726 1237 782 1299 εἰσὶ
806 1236 841 1299 δὲ
865 1238 939 1318 γένη
955 1242 1020 1299 τῶν
1034 1237 1194 1318 μελιττῶν,
1218 1236 1314 1317 ἡμὲν
1336 1236 1445 1318 ἀρίστη
1469 1236 1568 1319 μικρὰ

289 1327 342 1388 καλ
372 1325 545 1408 στρογγύλη
577 1325 632 1387 καὶ
661 1325 797 1407 ποικίλη,
829 1325 919 1408 άλλη
950 1325 989 1388 δὲ
1015 1325 1144 1407 μακρά
1176 1325 1289 1406 ὁμοία
1312 1331 1355 1406 τῇ
1378 1325 1568 1407 ἀνάρήνη,

288 1417 388 1497 τρίτος
412 1414 476 1477 δ’ὁ
500 1414 576 1496 φὼρ
599 1414 798 1496 καλούμενος
822 1411 925 1492 (οὗτος
948 1415 977 1477 δ’
995 1415 1056 1478 ἐστὶ
1070 1415 1169 1496 μέλας
1184 1413 1238 1476 καὶ
1252 1413 1502 1494 πλατυγάοτωρ),
1525 1415 1570 1476 τέ-

288 1526 399 1584 ταρτος
416 1503 445 1565 δ’
462 1503 481 1566 ὁ
497 1503 614 1584 κηφήν.
650 1507 686 1564 ci.
703 1507 774 1563 ibid.
792 1507 895 1574 6241),
913 1506 970 1575 25;
995 1507 1059 1565 625
1067 1525 1095 1574 5,
1110 1506 1158 1572 14,
1184 1506 1238 1581 551
1260 1506 1320 1563 1551
1342 1507 1526 1563 verbotenus
1549 1524 1569 1563 a

289 1595 484 1669 compilatore
515 1596 651 1669 expressi
682 1599 763 1653 sunt.
793 1628 837 1637 —
868 1596 1037 1670 Scriptores
1065 1596 1178 1670 insigni
1200 1595 1290 1652 modo
1313 1595 1344 1651 in
1368 1595 1569 1669 descriptione

289 1689 319 1741 et
342 1684 474 1759 optimae
503 1684 570 1758 apis
603 1687 633 1740 et
655 1685 730 1741 iuris
755 1685 942 1742 adverbum
971 1688 1148 1759 congruunt.
1195 1684 1376 1758 Discrepant
1409 1702 1454 1752 eo,
1487 1685 1569 1759 quod

288 1773 384 1830 Varro
409 1773 504 1830 iurem
528 1776 559 1830 et
580 1773 684 1830 fucum
708 1772 835 1830 eundem
857 1791 927 1830 esse
944 1773 1025 1841 dicit,
1044 1790 1111 1831 cum
1127 1773 1306 1830 Aristoteles
1324 1791 1376 1830 eos
1394 1772 1568 1846 distinguat

289 1861 450 1919 Gentillius
476 1860 503 1936 (l.
519 1862 538 1919 l.
555 1880 582 1936 p.
603 1861 674 1929 109,
698 1862 799 1919 adnot.
817 1862 846 1938 3)
872 1862 952 1920 falso
976 1865 1080 1920 censet
1094 1861 1258 1920 Varronem
1274 1862 1357 1918 haud
1372 1861 1566 1928 intellexisse,

289 1969 351 2025 qua
381 1969 412 2008 re
444 1951 533 2008 incus
567 1954 597 2007 et
627 1951 676 2007 fur
698 1950 854 2008 differrent
877 1968 1005 2025 eamque
1036 1952 1075 2008 ob
1107 1968 1168 2007 rem
1192 1950 1414 2009 distinctionem
1439 1950 1568 2008 misisse.

286 2039 380 2097 Immo
404 2040 453 2097 hic
476 2057 597 2115 quoque
621 2039 790 2097 contrariae
814 2040 850 2098 de
873 2040 978 2096 eadem
1001 2057 1032 2097 re
1056 2040 1215 2115 opiniones
1230 2039 1430 2113 proferuntur.
1456 2040 1492 2096 de
1508 2057 1570 2114 qua

286 2129 371 2186 litem
394 2128 492 2186 fuisse
507 2130 640 2186 testatur
655 2127 772 2186 Plinius
789 2127 826 2204 (n.
843 2129 871 2185 5.
888 2128 928 2185 XI
941 2127 1006 2205 bil:
1034 2132 1126 2207 „tunc
1141 2131 1172 2186 et
1186 2129 1274 2186 fucos
1291 2129 1425 2200 abigunt.
1461 2146 1568 2204 quam·

289 2236 381 2292 quam
405 2221 435 2274 et
458 2218 494 2274 ds
517 2217 556 2273 iis
579 2217 669 2274 video
693 2217 826 2275 dubitari
845 2218 1058 2292 propriumque
1074 2218 1112 2274 iis
1128 2234 1225 2290 genus
1241 2235 1310 2274 esse
1325 2217 1447 2292 aliquos
1463 2217 1568 2274 existi-

288 2325 370 2364 mare
402 2307 482 2364 sicut
511 2305 639 2373 furibus,
671 2306 881 2379 grandissimis
914 2307 992 2364 inter
1014 2307 1093 2373 11155,
1127 2307 1180 2363 555
1204 2305 1296 2380 nigris
1320 2305 1444 2380 lataque
1467 2300 1568 2363 alvo“.

288 2395 396 2470 ltaque
419 2413 457 2452 ne
480 2395 538 2452 hoc
563 2395 683 2470 quidem
706 2395 772 2452 looo
796 2395 976 2452 Aristoteles
1000 2400 1048 2453 est
1071 2395 1249 2469 exscriptus.

405 2483 452 2541 11.
483 2484 518 2541 V.
535 2484 619 2541 ibid:
653 2484 730 2562 „hae
759 2484 903 2541 differunt
929 2484 1006 2541 inter
1029 2502 1071 2545 se.
1097 2485 1171 2559 quia
1192 2483 1273 2540 ferae
1297 2486 1327 2540 et
1350 2483 1464 2540 cicures
1488 2485 1568 2540 sunt.

284 2591 370 2630 vnunc
403 2573 483 2630 ieras
513 2573 588 2638 dico,
624 2590 702 2647 quae
726 2573 757 2630 in
782 2573 974 2630 silvestribus
998 2573 1073 2630 locis
1096 2573 1259 2647 pascitant.
1285 2572 1410 2638 cicures,
1436 2571 1569 2645 quaein

290 2662 388 2722 cultis,
432 2662 587 2719 silvestres
624 2661 754 2719 minores
786 2665 860 2718 sunt
891 2662 1097 2735 magnitudine
1128 2664 1159 2719 et
1188 2661 1321 2735 pilosae,
1359 2662 1411 2718 sed
1444 2660 1568 2735 opifices

291 2745 419 2824 magis“.

400 2840 435 2896 A.
452 2840 480 2897 h.
497 2857 523 2896 a.
542 2839 643 2905 6245,
663 2839 718 2897 27:
747 2836 934 2918 διαφέρουσι
958 2836 986 2898 δ’
1008 2837 1042 2897 αἱ
1064 2836 1230 2918 γενόμεναι
1251 2841 1316 2898 τῶν
1337 2835 1488 2916 μελιττῶν
1510 2835 1567 2896 αἵτ’

290 2925 354 2987 άπὸ
384 2929 449 2987 τῶν
479 2924 516 2987 τὰ
548 2925 652 3005 ἥμερα
684 2925 873 3006 νεμομένων
904 2924 958 2987 καὶ
981 2924 1045 2986 ἀπὸ
1068 2930 1133 2988 τῶν
1156 2925 1193 2987 τά
1217 2925 1331 3004 ὀρεινά.
1374 2924 1430 2986 εἶσὶ
1454 2923 1514 3005 γάρ
1537 2924 1570 2984 αἱ

289 3014 354 3076 ἀπὸ
377 3018 441 3075 τῶν
464 3013 635 3094 άλονόμων
659 3013 824 3095 ὃασύτεραι
847 3013 901 3076 καὶ
924 3014 1069 3082 ἐλάττους
1092 3013 1145 3076 καὶ
1167 3014 1408 3096 ἔργατικώτεραι
1431 3012 1484 3075 καὶ
1506 3034 1569 3093 χα-

290 3103 505 3183 λεπώτεραι.
542 3104 694 3181 (Auctoris
719 3105 763 3183 B.)
787 3139 830 3146 -
853 3107 955 3163 Verba
978 3105 1131 3162 simillima
1154 3108 1233 3163 sunt

399 3196 448 3253 12.
471 3195 506 3254 V.
522 3194 592 3251 ibid.
611 3195 666 3252 24:
694 3192 799 3274 „(apes
823 3213 945 3269 carpere
969 3193 1081 3271 dieunt)
1106 3212 1143 3251 ex
1167 3193 1237 3251 olea
1259 3195 1366 3251 arbore
1390 3189 1519 3252 ceram“.

400 3284 435 3340 A.
452 3284 480 3341 5.
497 3302 523 3340 a.
542 3284 643 3352 6245,
662 3284 694 3341 9:
725 3286 781 3343 τοῦ
814 3281 848 3343 δὲ
878 3286 981 3362 κηροῦ
1013 3280 1170 3362 ἀνάληψις
1199 3280 1393 3360 τεθεώρηται
1424 3279 1476 3341 ἐπὶ
1505 3283 1569 3340 τῶν

282 3370 413 3432 Ιἐλαιῶν.
448 3371 678 3450 (Theophrasti.)

403 3462 453 3520 13.
476 3460 510 3518 V.
527 3462 597 3520 ibid.
615 3461 670 3518 28:
705 3462 806 3541 „quod
838 3479 899 3519 non
928 3462 1026 3519 omnis
1049 3464 1217 3535 tempestas
1241 3461 1281 3517 ad
1303 3463 1426 3534 pastum
1451 3459 1569 3534 prodire

289 3551 410 3623 longius
434 3550 558 3625 patitur,
584 3551 814 3625 praeparandus
839 3545 937 3618 cibus,
962 3556 1088 3607 netum
1112 3549 1198 3607 melle
1222 3551 1368 3622 cogantur
1384 3548 1452 3606 solo
1468 3548 1569 3605 vivere

220 3627 223 3632 ¹
291 3645 347 3696 aut
369 3638 536 3713 relinquere
560 3639 732 3697 exinanitas
757 3639 855 3696 alvos
895 3639 1009 3713 igitur
1035 3639 1189 3696 ficorum
1213 3638 1400 3713 pingnium
1424 3637 1570 3695 circiter

291 3728 411 3785 decem
443 3727 562 3802 pondo
595 3728 801 3802 decoquent
832 3728 867 3785 15
900 3745 1016 3803 55555
1047 3727 1191 3800 congiis
1215 3745 1291 3794 sex,
1325 3743 1417 3800 quas
1442 3727 1569 3783 coctas

289 3817 325 3874 in
351 3817 450 3873 offas
475 3833 585 3890 prope
609 3814 832 3891 adponunt“.

401 3905 436 3966 A.
453 3905 481 3964 h.
498 3923 525 3964 5.
542 3905 643 3972 6265,
659 3906 692 3963 6τ
724 3902 799 3965 ὅταν
824 3902 853 3964 δ’
874 3901 1011 3984 ὑπολίπῃ
1036 3901 1071 3964 τὸ
1093 3902 1171 3982 μέλι,
1201 3900 1286 3969 τοὺς
1309 3906 1485 3983 κηφῆνας
1508 3900 1569 3961 ἑκ-

283 3989 472 4072 Ιβάλλουσι
494 3991 548 4053 καὶ
569 3991 809 4073 παραβάλλουσι
832 3997 914 4053 σῦκα
937 3990 1050 4053 καὶτὰ
1074 3990 1190 4071 γλυκέα
1211 3991 1325 4059 αὐταῖς.
1362 3991 1481 4068 (Incerti
1497 4008 1569 4049 auc-

290 4081 387 4158 toris.)
411 4116 455 4124 -
477 4083 568 4140 Arist.
593 4086 673 4140 certe
696 4099 758 4140 non
782 4086 829 4140 est
855 4078 1039 4161 „Varronis“
1066 4085 1181 4140 auctor.

406 4172 454 4229 14.
478 4172 512 4229 V.
528 4172 598 4229 ibid.
616 4172 671 4231 29:
699 4188 785 4242 „cum
810 4189 936 4229 examen
953 4171 1103 4229 exiturum
1127 4175 1182 4239 est,
1209 4171 1291 4244 quod
1305 4170 1371 4226 fieri
1387 4171 1475 4234 solet,
1501 4186 1570 4226 cum

282 4261 423 4317 ,5555555
454 4278 596 4335 prospere
628 4263 702 4318 sunt
732 4260 844 4317 multae
878 4278 914 4317 ac
943 4259 1116 4334 progeniem
1146 4262 1182 4318 55
1208 4260 1239 4317 15
1262 4258 1412 4316 coloniam
1436 4257 1570 4316 emittere

291 4350 407 4417 volunt,
433 4353 469 4406 ut
491 4349 562 4407 olim
586 4351 689 4407 crebro
715 4349 820 4406 Sabini
843 4349 1063 4406 factitaverunt
1082 4352 1205 4425 propter
1225 4347 1448 4405 multitudinem
1463 4347 1569 4404 libero-

290 4456 365 4505 rum,
390 4438 482 4495 huius
507 4438 586 4513 quod
612 4438 672 4494 dno
697 4438 797 4495 solent
819 4438 934 4512 praeire
959 4437 1056 4512 signa,
1086 4438 1196 4495 scitur:
1228 4454 1330 4504 unum,
1364 4436 1446 4511 quod
1477 4452 1569 4510 supe·

291 4527 421 4585 rioribus
446 4527 562 4594 diebus,
588 4527 718 4584 maxime
742 4527 933 4601 vespertinis,
958 4527 1072 4584 multae
1096 4530 1167 4584 ante
1189 4526 1326 4583 foramen
1342 4528 1377 4581 55
1391 4542 1471 4582 uvae
1492 4524 1570 4581 aliae

282 4633 329 4673 rex
352 4615 421 4672 aliis
444 4615 575 4689 pendent
597 4613 813 4689 conglobatae3
845 4615 981 4683 alterum,
1007 4615 1097 4689 quod,
1124 4633 1192 4672 cum
1214 4615 1275 4671 iam
1299 4613 1475 4672 evolaturae
1499 4617 1571 4671 sunt

282 4707 347 4762 aut
369 4704 461 4762 etiam
484 4704 670 4778 inceperunt,
696 4707 868 4761 consonant
891 4704 1090 4772 vehementer,
1116 4703 1241 4778 proinde
1264 4706 1300 4760 ut
1315 4702 1426 4759 milites
1441 4702 1568 4769 faciunt,
