3525 5342
843 397 1062 462 ..84-

310 579 397 648 cedit,
423 579 504 654 quod
527 579 584 638 has
608 578 784 636 animalium
801 578 1020 653 descriptiones
1044 579 1149 653 procul
1166 579 1257 637 dubio
1273 579 1304 636 in
1319 578 1477 653 Diophane
1492 579 1596 638 lirisse

311 670 524 743 comprobatur
547 667 596 726 vel
619 668 723 743 potius
747 667 943 725 confirmatur
966 685 1011 736 eo,
1037 668 1119 743 quod
1142 667 1307 726 Columella
1329 667 1371 726 VI
1390 668 1416 736 1,
1432 667 1507 743 2sq.
1523 669 1596 743 ipse

310 759 442 814 testatur
465 774 502 815 ex
523 756 652 830 Magone
676 774 710 814 se
733 756 903 830 sumpsisse
926 756 1046 814 iuvenci
1071 753 1337 833 descriptionem,1)
1362 757 1448 815 cuius
1471 756 1595 816 indoles:

309 849 373 903 tam
396 863 520 920 prorsus
544 846 648 903 eadem
672 847 719 902 est
742 862 778 902 ao
802 847 976 913 ceterarum,
1001 847 1037 903 ut
1052 845 1183 903 dubitari
1198 861 1260 903 non
1275 845 1383 920 possit,
1409 846 1482 921 quin
1497 845 1595 903 etiam

310 935 416 992 harum
439 936 546 992 auctor
569 933 610 992 sit
632 933 730 1007 Mago.

416 1023 476 1090 Eis,
513 1040 592 1098 quae
626 1023 715 1081 modo
751 1023 887 1097 exposui,
920 1022 1067 1096 respectis
1097 1040 1186 1099 spero
1221 1023 1347 1081 alteram
1381 1023 1465 1082 illam
1497 1025 1594 1091 viam,

311 1130 372 1188 qua
395 1111 556 1170 Gentillius
580 1111 609 1188 (1.
624 1112 643 1169 l.
667 1129 694 1185 p.
715 1110 787 1189 151)
818 1111 875 1169 has
908 1111 1126 1185 descriptiones
1156 1111 1188 1168 in
1219 1112 1388 1187 geoponica
1415 1112 1595 1186 pervenisse

309 1202 384 1270 walt,
418 1201 566 1259 neminem
596 1200 657 1258 iam
688 1217 792 1257 veram
819 1200 969 1258 dicturum
992 1217 1068 1258 esse.
1113 1200 1198 1259 Unde
1222 1200 1361 1270 eflicitur,
1386 1204 1422 1258 ut
1444 1201 1535 1259 etiarn
1558 1200 1593 1258 hi

310 1290 369 1348 loci
393 1307 431 1347 ex
453 1289 611 1364 Diophane
634 1289 666 1345 in
688 1288 853 1346 Varronem
876 1285 1054 1366 fluxerInt²)

418 1443 440 1528 fi
464 1445 495 1511 3.
540 1446 604 1504 Iam
626 1447 750 1521 perveni
774 1447 813 1504 ad
836 1447 928 1504 iinem
952 1447 1174 1522 quaestionum,
1208 1465 1287 1522 quas
1314 1449 1493 1507 tractandas
1517 1449 1595 1506 mihi.

312 1553 540 1611 proposueram.
578 1536 682 1594 Pauca
704 1535 823 1604 addam,
849 1536 961 1611 quibus
985 1535 1112 1603 eluceat,
1137 1553 1190 1593 cur
1204 1553 1286 1594 nunc
1301 1537 1422 1612 quidem
1438 1538 1590 1596 omiserim

311 1625 473 1683 collatione
489 1623 671 1683 Columellas
696 1627 727 1683 et
741 1624 888 1683 Varronis
912 1643 957 1693 ea,
983 1642 1061 1699 quae
1078 1625 1184 1693 statui,
1209 1626 1299 1701 quasi
1315 1626 1465 1702 supplere.
1503 1627 1590 1686 Hanc

313 1714 524 1789 quaestionem
555 1713 583 1771 si
615 1730 684 1771 cum
707 1731 744 1770 ea
768 1730 990 1788 comparamus
1019 1730 1112 1788 quam
1134 1714 1224 1773 modo
1248 1715 1284 1772 de
1307 1714 1441 1774 Varrone
1465 1718 1496 1773 et
1517 1734 1596 1791 geo--

312 1803 429 1877 ponicis
454 1801 653 1870 absolvimus
677 1819 765 1860 nemo
790 1802 916 1871 dubitet,
942 1803 1015 1877 quin
1031 1802 1125 1861 multo
1142 1803 1296 1861 difficilior
1310 1804 1369 1863 hac
1385 1805 1434 1863 sit.
1473 1805 1590 1881 Oppor-

310 1895 383 1960 tune
407 1891 485 1949 enim
508 1891 581 1948 mihi
593 1891 739 1950 Varronis
762 1891 864 1949 fontes
888 1892 1046 1967 indaganti
1069 1891 1186 1960 accidit,
1211 1893 1294 1967 quod
1316 1894 1345 1951 is
1367 1911 1429 1952 non
1452 1895 1542 1952 modo
1558 1893 1592 1950 in

311 1980 486 2039 universum
517 1980 654 2055 pressius
686 1980 726 2037 ad
749 1982 904 2039 auctorem
928 1998 960 2038 se
985 1980 1160 2055 applicavit,
1192 1981 1238 2038 ita
1260 1984 1296 2040 ut
1318 1982 1396 2041 satis
1419 1981 1506 2040 multi
1529 1982 1591 2040 loci

310 2070 410 2128 verbis
434 2069 495 2127 lere
523 2071 723 2142 congruentes
747 2087 815 2127 cum
837 2069 1013 2145 geoponicis
1037 2069 1164 2128 conferri
1186 2071 1315 2144 possint,
1340 2071 1509 2129 sedetiam
1534 2071 1590 2128 ad-

311 2158 434 2216 modum
456 2157 638 2215 festinanter
665 2158 790 2216 aesino
814 2159 896 2216 omni
918 2175 1016 2216 rerum
1040 2159 1169 2216 scientia
1191 2159 1286 2217 libros
1310 2177 1384 2218 suos
1408 2161 1594 2235 composuit.

310 2246 374 2306 Has
399 2248 510 2304 chres
534 2245 592 2303 hac
616 2246 734 2321 quidem
759 2248 947 2322 quaestione,
973 2264 1053 2322 quae
1077 2248 1176 2306 adhuc
1199 2248 1348 2306 solvenda
1370 2251 1426 2318 est,
1451 2251 1590 2324 respecta

311 2335 389 2394 satIs
412 2335 503 2393 facile
528 2335 649 2394 ostendi
670 2336 773 2410 potuit
794 2336 860 2394 fieri
882 2353 944 2395 non
960 2353 1062 2410 posse,
1087 2339 1123 2395 ut
1138 2337 1327 2412 geoponicon
1343 2340 1451 2395 auctor
1466 2338 1590 2413 quidam

310 2424 476 2482 Varronem
500 2424 703 2499 exscripserit,
729 2425 784 2482 sed
802 2425 911 2500 potius
933 2426 1049 2483 fontem
1072 2443 1259 2483 communem
1282 2426 1313 2482 in
1337 2444 1462 2484 censum
1478 2427 1589 2484 venire.

312 2513 378 2570 Hae
400 2530 449 2570 res
474 2513 556 2587 apud
573 2513 769 2571 Columellam
792 2531 919 2588 prorsus
942 2514 1003 2572 iere
1028 2515 1146 2583 desunt,
1172 2515 1254 2589 quod
1277 2514 1305 2572 is
1321 2517 1424 2590 aperte
1448 2518 1479 2574 et
1503 2533 1590 2589 mag-

311 2619 382 2660 nam
412 2601 594 2660 industriam
624 2602 656 2659 in
685 2620 763 2678 opus
788 2603 1038 2660 conscribendum
1061 2603 1207 2679 impendit
1238 2605 1268 2660 et
1299 2621 1398 2661 rerum
1421 2607 1488 2662 erat
1509 2605 1589 2679 peri-

309 2690 458 2748 tissimus
494 2692 576 2761 Quae
601 2708 669 2749 cum
692 2693 737 2748 ita
761 2691 829 2755 sint,
856 2690 1067 2748 difficillimum
1091 2709 1159 2749 esse
1184 2691 1322 2766 equidem
1345 2696 1420 2768 puto
1444 2696 1593 2762 statuere,

312 2782 467 2854 quatenus
490 2780 656 2838 Varronem
681 2779 846 2837 Columella
877 2779 1056 2838 adhibuerit.
1101 2779 1166 2838 Hoc
1189 2783 1292 2838 autem
1314 2781 1486 2839 iaciendum
1510 2800 1592 2849 esse,

311 2870 476 2943 antequam
509 2869 545 2927 de
577 2869 727 2926 communi
757 2868 841 2926 tonte
874 2868 1036 2943 quicquam
1068 2870 1140 2926 certi
1171 2869 1235 2927 erui
1266 2872 1376 2944 potest,
1409 2888 1497 2929 nemo
1528 2888 1590 2929 non

311 2957 405 3016 videt.
452 2957 529 3014 Sunt
561 2957 681 3031 quidem
714 2958 795 3033 apud
820 2956 1016 3015 Columellam
1044 2959 1123 3016 satis
1146 2958 1234 3015 multi
1257 2957 1325 3026 loci,
1350 2959 1462 3034 quibus
1485 2959 1591 3035 procul

311 3046 404 3105 dubio
420 3046 516 3104 Varro
540 3047 588 3102 est
611 3063 785 3120 expressus,
809 3047 864 3104 sed
879 3049 1035 3104 remanent
1049 3047 1145 3104 multo
1162 3047 1274 3121 plures
1292 3047 1404 3122 quibus
1421 3049 1459 3106 ob
1476 3065 1593 3106 causas

312 3153 406 3210 supra
437 3134 596 3209 expositas
625 3135 826 3210 maximopere
858 3135 987 3204 dubites
1019 3138 1121 3193 utrum
1152 3153 1197 3205 ea,
1232 3153 1310 3211 quae
1334 3136 1500 3195 Columella
1522 3154 1590 3194 cum

310 3255 524 3266 —-—-——-

419 3323 437 3393 ¹)
458 3323 606 3378 Gentillius
619 3324 644 3394 (l.
657 3324 676 3378 l.
689 3341 716 3394 p.
728 3323 787 3394 129)
800 3325 912 3380 iuvenci
924 3325 1138 3396 descriptionem
1150 3326 1225 3396 apud
1237 3325 1419 3380 Columellam
1432 3327 1591 3380 exstantem

312 3397 457 3466 comparat
476 3411 538 3448 oum
557 3395 648 3450 bubus
666 3412 683 3448 a
700 3395 825 3450 Varrone
844 3395 878 3466 (ll
890 3397 916 3462 5,
927 3397 1004 3466 7-9)
1025 3397 1170 3466 descriptis
1187 3413 1221 3451 ac
1239 3398 1354 3451 statuit:
1375 3397 1450 3461 ,Hos
1468 3397 1548 3452 locos
1566 3397 1591 3451 si

312 3466 373 3536 quis
401 3467 612 3536 comparaverit,
640 3466 794 3520 Varronem
821 3467 970 3536 Magonem
997 3467 1184 3538 amplificasse
1207 3468 1290 3523 facile
1313 3467 1488 3540 perspiciet“.
1529 3468 1592 3523 Hoc

312 3536 395 3606 plane
414 3537 549 3590 caducum
568 3539 619 3602 eet,
639 3537 713 3607 quod
733 3537 934 3607 descriptiones
952 3538 1077 3592 eiusdem
1094 3539 1222 3593 animalis
1239 3556 1298 3593 non
1316 3547 1390 3596 sunt.
1420 3539 1592 3594 Persuasum

310 3609 405 3662 autem
424 3607 514 3661 habeo
527 3608 675 3677 Magonem
693 3608 766 3662 sicut
784 3609 933 3662 iuvencum
951 3609 1035 3664 etiam
1054 3611 1156 3664 bovem
1173 3610 1309 3664 uberrime
1328 3609 1513 3680 descripsisse,
1532 3626 1592 3666 non

310 3678 425 3732 alterius
444 3677 659 3748 descriptionem
676 3681 705 3733 in
723 3679 813 3734 altera
830 3696 938 3749 ponens
956 3684 1042 3752 atque
1059 3681 1123 3736 inde
1141 3681 1273 3751 supplens
1290 3683 1410 3748 tentum,
1434 3682 1507 3736 sicut
1525 3699 1549 3738 e.
1561 3697 1589 3751 g.

312 3749 369 3804 Col.
383 3749 434 3802 Vll
447 3749 501 3815 e‚4
527 3749 556 3802 in
585 3766 668 3820 capra
691 3752 720 3804 et
738 3750 826 3804 Varro
846 3751 936 3815 113,2
963 3752 991 3805 in
1018 3752 1095 3807 hirco
1122 3753 1238 3806 iaciunt.
1280 3753 1341 3806 Hoc
1367 3769 1465 3807 revera
1491 3754 1532 3806 ita
1558 3769 1593 3807 se

310 3820 451 3887 habuisse,
470 3821 499 3874 ni
517 3821 609 3885 fallor,
629 3823 827 3892 comprobatur
845 3838 889 3887 eo,
909 3822 984 3893 quod
995 3839 1078 3894 geop.
1091 3823 1179 3877 XVIII
1190 3823 1244 3889 9,4
1257 3823 1371 3894 copiose
1384 3840 1474 3894 capra,
1488 3825 1590 3879 ibidem

311 3890 365 3960 56.
384 3908 443 3945 non
460 3893 552 3946 minus
571 3893 685 3962 copiose
708 3892 801 3947 hircus
829 3892 1000 3959 describitur,
1028 3911 1146 3965 eamque
1170 3895 1206 3948 ob
1230 3910 1289 3948 rem
1314 3895 1343 3948 in
1368 3896 1423 3949 hoc
1446 3895 1588 3960 nonnulla,

312 3978 383 4031 quae
408 3963 493 4016 etiarn
519 3964 547 4016 in
574 3963 650 4017 illam
677 3964 782 4031 valent,
806 3966 979 4034 repetuntur.
1017 3963 1096 4031 Quod
1118 3967 1187 4019 item
1210 3966 1239 4019 in
1256 3965 1383 4035 MagonIs
1401 3983 1485 4036 opere
1502 3967 1591 4021 fuisse

310 4033 471 4088 institutum
489 4037 567 4104 puto.
603 4035 753 4090 Praeterea
771 4035 991 4090 animadvertam
1009 4037 1094 4090 etiam
1111 4036 1157 4090 hic
1174 4036 1328 4091 Varronem
1346 4039 1376 4091 et
1392 4055 1473 4108 geop.
1493 4041 1591 4092 aucto-

311 4121 370 4229 rcerp
390 4104 605 4228 prilpsmcapram,
625 4110 685 4231 ipim
704 4106 992 4231 hircumtdescribferq
1011 4107 1093 4232 lsicpltI
1103 4111 1178 4232 perpe
1195 4108 1224 4161 in
1242 4109 1381 4162 communi
1399 4109 1481 4164 sonte
1492 4110 1591 4173 fiebat,

334 4192 426 4230 oume
447 4192 465 4229 a
511 4193 578 4230 vero
599 4193 630 4230 or
659 4194 724 4231 nem
741 4194 898 4233 rnverrsse.
917 4193 951 4233 c.
994 4193 1029 4233 o.
1124 4220 1130 4244 ,
1159 4223 1165 4234 .

418 4246 436 4315 ²)
473 4246 506 4301 V.
526 4247 617 4314 Irae
695 4278 696 4281 ¹
777 4266 858 4320 geop.
871 4249 961 4303 XVIII
975 4249 1026 4313 1,2
1204 4249 1390 4317 cotulas

483 4319 617 4384 „112,4
816 4362 827 4384 ,
871 4320 1026 4385 XVIHl‚3
1167 4368 1171 4377 ,
1224 4362 1235 4385 ,,
1273 4321 1389 4387 Vnae

483 4431 494 4454 ,
527 4389 618 4455 113,2
816 4433 827 4455 ,
871 4391 1026 4456 XV1119,4
1225 4434 1236 4457 ,
1274 4391 1390 4458 Vries

482 4502 493 4525 ,
527 4461 616 4517 1143
815 4505 826 4528 ,
899 4462 1081 4528 mar-3
1224 4505 1235 4528 ,
1274 4463 1443 4529 vuar-2

482 4574 494 4597 „
528 4532 672 4598 liat—8
817 4576 828 4598 ,
885 4533 1025 4600 XVII2,1
1225 4576 1237 4598 ,
1288 4534 1389 4600 Vll,3

482 4646 493 4668 „
527 4603 667 4674 liassq.
819 4647 829 4669 ,
900 4605 1083 4668 XIX2,l-4
1224 4647 1235 4670 ,
1274 4605 1408 4668 vl112,3

483 4675 617 4741 ,inus
816 4717 826 4740 ,
900 4677 1097 4747 X1V16,2sq.
1225 4677 1441 4747 ,vulaesq
