<?xml version="1.0" encoding="UTF-8"?>
<!DOCTYPE html PUBLIC "-//W3C//DTD XHTML 1.0 Transitional//EN"
    "http://www.w3.org/TR/xhtml1/DTD/xhtml1-transitional.dtd">
<html xmlns="http://www.w3.org/1999/xhtml" xml:lang="en" lang="en">
 <head>
  <title>
</title>
<meta http-equiv="Content-Type" content="text/html;charset=utf-8" />
  <meta name='ocr-system' content='tesseract 3.04.00' />
  <meta name='ocr-capabilities' content='ocr_page ocr_carea ocr_par ocr_line ocrx_word'/>
</head>
<body>
  <div class='ocr_page' id='page_1' title='image "./devarronisrerum00hempgoog_0062.png"; bbox 0 0 3525 5342; ppageno 0'>
   <div class='ocr_carea' id='block_1_1' title="bbox 779 397 1002 462">
    <p class='ocr_par' dir='ltr' id='par_1_1' title="bbox 779 397 1002 462">
     <span class='ocr_line' id='line_1_1' title="bbox 779 397 1002 462; baseline 0 -18"><span class='ocrx_word' id='word_1_1' title='bbox 779 397 1002 462; x_wconf 71' lang='lat'>..50-</span> 
     </span>
    </p>
   </div>
   <div class='ocr_carea' id='block_1_2' title="bbox 247 579 1534 3853">
    <p class='ocr_par' dir='ltr' id='par_1_2' title="bbox 249 579 1533 728">
     <span class='ocr_line' id='line_1_2' title="bbox 249 579 1533 656; baseline -0.002 -18"><span class='ocrx_word' id='word_1_2' title='bbox 249 584 307 640; x_wconf 89' lang='lat' dir='ltr'>est.</span> <span class='ocrx_word' id='word_1_3' title='bbox 332 598 402 638; x_wconf 90' lang='lat' dir='ltr'>narn</span> <span class='ocrx_word' id='word_1_4' title='bbox 432 581 464 638; x_wconf 93' lang='lat' dir='ltr'>in</span> <span class='ocrx_word' id='word_1_5' title='bbox 494 598 555 640; x_wconf 91' lang='lat' dir='ltr'>uno</span> <span class='ocrx_word' id='word_1_6' title='bbox 580 597 700 656; x_wconf 87' lang='lat' dir='ltr'>quoque</span> <span class='ocrx_word' id='word_1_7' title='bbox 731 597 838 653; x_wconf 82' lang='lat' dir='ltr'>genere</span> <span class='ocrx_word' id='word_1_8' title='bbox 870 580 972 655; x_wconf 91' lang='lat' dir='ltr'>plures</span> <span class='ocrx_word' id='word_1_9' title='bbox 1003 582 1035 638; x_wconf 87' lang='lat' dir='ltr'>et</span> <span class='ocrx_word' id='word_1_10' title='bbox 1065 580 1204 638; x_wconf 90' lang='lat' dir='ltr'>diversae</span> <span class='ocrx_word' id='word_1_11' title='bbox 1236 583 1309 638; x_wconf 89' lang='lat' dir='ltr'>suut</span> <span class='ocrx_word' id='word_1_12' title='bbox 1340 579 1458 654; x_wconf 90' lang='lat' dir='ltr'>species</span> <span class='ocrx_word' id='word_1_13' title='bbox 1482 597 1533 637; x_wconf 89' lang='lat' dir='ltr'>se·</span> 
     </span>
     <span class='ocr_line' id='line_1_3' title="bbox 250 665 397 728; baseline 0 0"><span class='ocrx_word' id='word_1_14' title='bbox 250 665 397 728; x_wconf 86' lang='lat' dir='ltr'>minum“.</span> 
     </span>
    </p>

    <p class='ocr_par' dir='ltr' id='par_1_3' title="bbox 247 757 1534 2522">
     <span class='ocr_line' id='line_1_4' title="bbox 359 757 1534 833; baseline -0.002 -17"><span class='ocrx_word' id='word_1_15' title='bbox 359 758 499 819; x_wconf 80' lang='lat' dir='ltr'><strong>Causam.</strong></span> <span class='ocrx_word' id='word_1_16' title='bbox 536 776 589 816; x_wconf 87' lang='lat' dir='ltr'>cur</span> <span class='ocrx_word' id='word_1_17' title='bbox 623 759 654 815; x_wconf 92' lang='lat' dir='ltr'>in</span> <span class='ocrx_word' id='word_1_18' title='bbox 689 758 803 832; x_wconf 83' lang='lat' dir='ltr'>plantis</span> <span class='ocrx_word' id='word_1_19' title='bbox 839 758 1022 833; x_wconf 89' lang='lat' dir='ltr'>quibusdam</span> <span class='ocrx_word' id='word_1_20' title='bbox 1054 758 1171 815; x_wconf 89' lang='lat' dir='ltr'>semina</span> <span class='ocrx_word' id='word_1_21' title='bbox 1205 757 1324 832; x_wconf 79' lang='lat' dir='ltr'>proprie</span> <span class='ocrx_word' id='word_1_22' title='bbox 1354 757 1438 814; x_wconf 91' lang='lat' dir='ltr'>dicta</span> <span class='ocrx_word' id='word_1_23' title='bbox 1470 774 1534 814; x_wconf 91' lang='lat' dir='ltr'>non</span> 
     </span>
     <span class='ocr_line' id='line_1_5' title="bbox 252 842 1534 924; baseline -0.002 -18"><span class='ocrx_word' id='word_1_24' title='bbox 252 849 462 916; x_wconf 78' lang='lat' dir='ltr'>adhibeantur,</span> <span class='ocrx_word' id='word_1_25' title='bbox 495 847 725 922; x_wconf 83' lang='lat' dir='ltr'>Theophrastus</span> <span class='ocrx_word' id='word_1_26' title='bbox 756 847 834 904; x_wconf 87' lang='lat' dir='ltr'>hanc</span> <span class='ocrx_word' id='word_1_27' title='bbox 865 847 969 904; x_wconf 79' lang='lat' dir='ltr'>affert:</span> <span class='ocrx_word' id='word_1_28' title='bbox 1006 844 1207 924; x_wconf 82' lang='grc' dir='ltr'><em>προῦπάρχει</em></span> <span class='ocrx_word' id='word_1_29' title='bbox 1241 842 1302 924; x_wconf 84' lang='grc' dir='ltr'>γὰρ</span> <span class='ocrx_word' id='word_1_30' title='bbox 1333 842 1435 906; x_wconf 72' lang='grc' dir='ltr'><em>πολλὰ</em></span> <span class='ocrx_word' id='word_1_31' title='bbox 1467 847 1534 904; x_wconf 85' lang='grc' dir='ltr'>τῶν</span> 
     </span>
     <span class='ocr_line' id='line_1_6' title="bbox 250 932 1533 1015; baseline -0.002 -18"><span class='ocrx_word' id='word_1_32' title='bbox 250 935 384 1015; x_wconf 85' lang='grc' dir='ltr'><em>μορίων,</em></span> <span class='ocrx_word' id='word_1_33' title='bbox 415 935 436 995; x_wconf 84' lang='grc' dir='ltr'><strong><em>ἃ</em></strong></span> <span class='ocrx_word' id='word_1_34' title='bbox 470 933 565 996; x_wconf 84' lang='grc' dir='ltr'><em>δεῖται</em></span> <span class='ocrx_word' id='word_1_35' title='bbox 594 932 697 1014; x_wconf 87' lang='grc' dir='ltr'><em>μόνον</em></span> <span class='ocrx_word' id='word_1_36' title='bbox 726 938 855 1014; x_wconf 84' lang='grc' dir='ltr'><em>τροφῆς.</em></span> <span class='ocrx_word' id='word_1_37' title='bbox 897 937 963 996; x_wconf 85' lang='grc' dir='ltr'>τῶν</span> <span class='ocrx_word' id='word_1_38' title='bbox 987 932 1017 995; x_wconf 83' lang='grc' dir='ltr'>δ’</span> <span class='ocrx_word' id='word_1_39' title='bbox 1035 933 1071 995; x_wconf 76' lang='grc' dir='ltr'>ἐκ</span> <span class='ocrx_word' id='word_1_40' title='bbox 1098 937 1163 995; x_wconf 84' lang='grc' dir='ltr'>τῶν</span> <span class='ocrx_word' id='word_1_41' title='bbox 1195 933 1387 1013; x_wconf 77' lang='grc' dir='ltr'><em>σπερμάτων</em></span> <span class='ocrx_word' id='word_1_42' title='bbox 1409 932 1533 994; x_wconf 80' lang='grc' dir='ltr'><em>ἅπανια</em></span> 
     </span>
     <span class='ocr_line' id='line_1_7' title="bbox 250 1021 1533 1104; baseline -0.003 -20"><span class='ocrx_word' id='word_1_43' title='bbox 250 1029 345 1086; x_wconf 73' lang='grc' dir='ltr'><em>ταῦτα</em></span> <span class='ocrx_word' id='word_1_44' title='bbox 384 1023 506 1104; x_wconf 80' lang='grc' dir='ltr'><em>ἀνάγκη</em></span> <span class='ocrx_word' id='word_1_45' title='bbox 543 1021 713 1103; x_wconf 74' lang='grc' dir='ltr'><em>γεννᾶσθαι</em></span> <span class='ocrx_word' id='word_1_46' title='bbox 753 1026 892 1102; x_wconf 80' lang='grc' dir='ltr'><em>πρώτω,</em></span> <span class='ocrx_word' id='word_1_47' title='bbox 931 1021 1032 1084; x_wconf 72' lang='grc' dir='ltr'><strong><em>ἔπειθ’</em></strong></span> <span class='ocrx_word' id='word_1_48' title='bbox 1065 1021 1168 1090; x_wconf 84' lang='grc' dir='ltr'><em>οὕτως</em></span> <span class='ocrx_word' id='word_1_49' title='bbox 1202 1021 1389 1102; x_wconf 75' lang='grc' dir='ltr'><em>αὐξηθῆναι.</em></span> <span class='ocrx_word' id='word_1_50' title='bbox 1443 1023 1533 1098; x_wconf 88' lang='lat' dir='ltr'>Apud</span> 
     </span>
     <span class='ocr_line' id='line_1_8' title="bbox 250 1113 1533 1192; baseline -0.002 -20"><span class='ocrx_word' id='word_1_51' title='bbox 250 1116 415 1173; x_wconf 83' lang='lat' dir='ltr'>Varronem</span> <span class='ocrx_word' id='word_1_52' title='bbox 439 1116 545 1174; x_wconf 86' lang='lat' dir='ltr'>eontra</span> <span class='ocrx_word' id='word_1_53' title='bbox 568 1131 622 1188; x_wconf 92' lang='lat' dir='ltr'>pro</span> <span class='ocrx_word' id='word_1_54' title='bbox 646 1113 786 1172; x_wconf 91' lang='lat' dir='ltr'>omnibus</span> <span class='ocrx_word' id='word_1_55' title='bbox 811 1113 978 1172; x_wconf 90' lang='lat' dir='ltr'>seminibus</span> <span class='ocrx_word' id='word_1_56' title='bbox 1010 1113 1082 1192; x_wconf 80' lang='lat' dir='ltr'>„fici</span> <span class='ocrx_word' id='word_1_57' title='bbox 1105 1130 1209 1170; x_wconf 88' lang='lat' dir='ltr'>semen</span> <span class='ocrx_word' id='word_1_58' title='bbox 1232 1113 1371 1170; x_wconf 90' lang='lat' dir='ltr'>naturale</span> <span class='ocrx_word' id='word_1_59' title='bbox 1394 1113 1478 1170; x_wconf 90' lang='lat' dir='ltr'>intus</span> <span class='ocrx_word' id='word_1_60' title='bbox 1500 1113 1533 1170; x_wconf 94' lang='lat' dir='ltr'>in</span> 
     </span>
     <span class='ocr_line' id='line_1_9' title="bbox 251 1197 1533 1278; baseline -0.003 -15"><span class='ocrx_word' id='word_1_61' title='bbox 251 1222 288 1264; x_wconf 92' lang='lat' dir='ltr'>ea</span> <span class='ocrx_word' id='word_1_62' title='bbox 310 1204 381 1272; x_wconf 87' lang='lat' dir='ltr'>fico,</span> <span class='ocrx_word' id='word_1_63' title='bbox 406 1221 498 1278; x_wconf 88' lang='lat' dir='ltr'>quarn</span> <span class='ocrx_word' id='word_1_64' title='bbox 522 1203 648 1269; x_wconf 91' lang='lat' dir='ltr'>edimus,</span> <span class='ocrx_word' id='word_1_65' title='bbox 680 1220 759 1277; x_wconf 88' lang='lat' dir='ltr'>quae</span> <span class='ocrx_word' id='word_1_66' title='bbox 783 1205 855 1260; x_wconf 87' lang='lat' dir='ltr'>sunt</span> <span class='ocrx_word' id='word_1_67' title='bbox 877 1202 997 1260; x_wconf 86' lang='lat' dir='ltr'>minuta</span> <span class='ocrx_word' id='word_1_68' title='bbox 1023 1197 1137 1276; x_wconf 75' lang='lat' dir='ltr'>grana⁶⁴</span> <span class='ocrx_word' id='word_1_69' title='bbox 1164 1202 1292 1276; x_wconf 83' lang='lat' dir='ltr'>exempli</span> <span class='ocrx_word' id='word_1_70' title='bbox 1313 1202 1415 1276; x_wconf 80' lang='lat' dir='ltr'>gratia</span> <span class='ocrx_word' id='word_1_71' title='bbox 1436 1201 1533 1260; x_wconf 85' lang='lat' dir='ltr'>intro·</span> 
     </span>
     <span class='ocr_line' id='line_1_10' title="bbox 252 1290 1533 1367; baseline -0.002 -17"><span class='ocrx_word' id='word_1_72' title='bbox 252 1294 371 1351; x_wconf 82' lang='lat' dir='ltr'>ducitur</span> <span class='ocrx_word' id='word_1_73' title='bbox 393 1326 437 1334; x_wconf 89' lang='lat'>—</span> <span class='ocrx_word' id='word_1_74' title='bbox 461 1290 543 1367; x_wconf 93' lang='lat' dir='ltr'>quod</span> <span class='ocrx_word' id='word_1_75' title='bbox 566 1290 713 1349; x_wconf 90' lang='lat' dir='ltr'>neminem</span> <span class='ocrx_word' id='word_1_76' title='bbox 736 1309 845 1366; x_wconf 92' lang='lat' dir='ltr'>perse</span> <span class='ocrx_word' id='word_1_77' title='bbox 869 1291 1005 1350; x_wconf 77' lang='lat' dir='ltr'>offendet</span> <span class='ocrx_word' id='word_1_78' title='bbox 1027 1325 1079 1355; x_wconf 91' lang='lat'>—,</span> <span class='ocrx_word' id='word_1_79' title='bbox 1111 1308 1208 1348; x_wconf 85' lang='lat' dir='ltr'>causa</span> <span class='ocrx_word' id='word_1_80' title='bbox 1242 1293 1345 1348; x_wconf 86' lang='lat' dir='ltr'>autem</span> <span class='ocrx_word' id='word_1_81' title='bbox 1374 1290 1437 1348; x_wconf 87' lang='lat' dir='ltr'>iarn</span> <span class='ocrx_word' id='word_1_82' title='bbox 1470 1307 1533 1348; x_wconf 95' lang='lat' dir='ltr'>non</span> 
     </span>
     <span class='ocr_line' id='line_1_11' title="bbox 248 1379 1534 1455; baseline -0.002 -16"><span class='ocrx_word' id='word_1_83' title='bbox 248 1385 300 1440; x_wconf 89' lang='lat' dir='ltr'>est</span> <span class='ocrx_word' id='word_1_84' title='bbox 330 1381 568 1455; x_wconf 87' lang='lat' dir='ltr'>Theophrastea,</span> <span class='ocrx_word' id='word_1_85' title='bbox 605 1380 658 1438; x_wconf 89' lang='lat' dir='ltr'>sed</span> <span class='ocrx_word' id='word_1_86' title='bbox 680 1380 776 1439; x_wconf 89' lang='lat' dir='ltr'>Varro</span> <span class='ocrx_word' id='word_1_87' title='bbox 811 1397 878 1438; x_wconf 89' lang='lat' dir='ltr'>eam</span> <span class='ocrx_word' id='word_1_88' title='bbox 914 1380 1034 1455; x_wconf 90' lang='lat' dir='ltr'>quaerit</span> <span class='ocrx_word' id='word_1_89' title='bbox 1063 1380 1096 1438; x_wconf 92' lang='lat' dir='ltr'>in</span> <span class='ocrx_word' id='word_1_90' title='bbox 1126 1397 1163 1437; x_wconf 91' lang='lat' dir='ltr'>eo</span> <span class='ocrx_word' id='word_1_91' title='bbox 1194 1382 1328 1446; x_wconf 84' lang='lat' dir='ltr'>tautum,</span> <span class='ocrx_word' id='word_1_92' title='bbox 1366 1380 1449 1454; x_wconf 88' lang='lat' dir='ltr'>quod</span> <span class='ocrx_word' id='word_1_93' title='bbox 1481 1379 1534 1436; x_wconf 86' lang='grc'>1111</span> 
     </span>
     <span class='ocr_line' id='line_1_12' title="bbox 251 1465 1534 1548; baseline -0.003 -18"><span class='ocrx_word' id='word_1_94' title='bbox 251 1471 369 1530; x_wconf 91' lang='lat' dir='ltr'>semina</span> <span class='ocrx_word' id='word_1_95' title='bbox 393 1469 456 1528; x_wconf 89' lang='lat' dir='ltr'>sint</span> <span class='ocrx_word' id='word_1_96' title='bbox 478 1487 583 1544; x_wconf 89' lang='lat' dir='ltr'>parva,</span> <span class='ocrx_word' id='word_1_97' title='bbox 610 1487 647 1526; x_wconf 85' lang='lat' dir='ltr'>ex</span> <span class='ocrx_word' id='word_1_98' title='bbox 671 1469 783 1544; x_wconf 92' lang='lat' dir='ltr'>quibus</span> <span class='ocrx_word' id='word_1_99' title='bbox 808 1469 890 1526; x_wconf 89' lang='lat' dir='ltr'>sicut</span> <span class='ocrx_word' id='word_1_100' title='bbox 912 1487 950 1526; x_wconf 83' lang='lat' dir='ltr'>ex</span> <span class='ocrx_word' id='word_1_101' title='bbox 973 1468 1059 1528; x_wconf 88' lang='lat' dir='ltr'>oleae</span> <span class='ocrx_word' id='word_1_102' title='bbox 1082 1469 1196 1526; x_wconf 89' lang='lat' dir='ltr'>semine</span> <span class='ocrx_word' id='word_1_103' title='bbox 1220 1466 1301 1543; x_wconf 74' lang='lat' dir='ltr'>libid.</span> <span class='ocrx_word' id='word_1_104' title='bbox 1317 1465 1336 1548; x_wconf 62' lang='lat' dir='ltr'>g</span> <span class='ocrx_word' id='word_1_105' title='bbox 1353 1467 1384 1545; x_wconf 74' lang='grc'>61</span> <span class='ocrx_word' id='word_1_106' title='bbox 1410 1469 1534 1547; x_wconf 83' lang='lat' dir='ltr'>„enasci</span> 
     </span>
     <span class='ocr_line' id='line_1_13' title="bbox 251 1553 1531 1634; baseline -0.003 -17"><span class='ocrx_word' id='word_1_107' title='bbox 251 1558 371 1617; x_wconf 91' lang='lat' dir='ltr'>coliculi</span> <span class='ocrx_word' id='word_1_108' title='bbox 402 1558 456 1616; x_wconf 89' lang='lat' dir='ltr'>vix</span> <span class='ocrx_word' id='word_1_109' title='bbox 486 1553 632 1633; x_wconf 88' lang='lat' dir='ltr'>queunt“.</span> <span class='ocrx_word' id='word_1_110' title='bbox 678 1558 713 1615; x_wconf 93' lang='lat' dir='ltr'>In</span> <span class='ocrx_word' id='word_1_111' title='bbox 745 1558 803 1616; x_wconf 88' lang='lat' dir='ltr'>hac</span> <span class='ocrx_word' id='word_1_112' title='bbox 833 1575 864 1617; x_wconf 90' lang='lat' dir='ltr'>re</span> <span class='ocrx_word' id='word_1_113' title='bbox 896 1575 1082 1634; x_wconf 85' lang='lat' dir='ltr'>quamquam</span> <span class='ocrx_word' id='word_1_114' title='bbox 1117 1560 1195 1616; x_wconf 83' lang='lat' dir='ltr'>certe</span> <span class='ocrx_word' id='word_1_115' title='bbox 1230 1557 1346 1633; x_wconf 90' lang='lat' dir='ltr'>aliquid</span> <span class='ocrx_word' id='word_1_116' title='bbox 1379 1557 1443 1616; x_wconf 91' lang='lat' dir='ltr'>veri</span> <span class='ocrx_word' id='word_1_117' title='bbox 1475 1560 1531 1623; x_wconf 89' lang='lat' dir='ltr'>est,</span> 
     </span>
     <span class='ocr_line' id='line_1_14' title="bbox 250 1646 1533 1721; baseline -0.002 -16"><span class='ocrx_word' id='word_1_118' title='bbox 250 1652 356 1706; x_wconf 90' lang='lat' dir='ltr'>tamen</span> <span class='ocrx_word' id='word_1_119' title='bbox 379 1647 517 1721; x_wconf 87' lang='lat' dir='ltr'>proxima</span> <span class='ocrx_word' id='word_1_120' title='bbox 533 1646 743 1704; x_wconf 87' lang='lat' dir='ltr'>demonstrant</span> <span class='ocrx_word' id='word_1_121' title='bbox 757 1647 924 1706; x_wconf 82' lang='lat' dir='ltr'>Varronem</span> <span class='ocrx_word' id='word_1_122' title='bbox 939 1665 1043 1705; x_wconf 85' lang='lat' dir='ltr'>veram</span> <span class='ocrx_word' id='word_1_123' title='bbox 1066 1664 1193 1704; x_wconf 84' lang='lat' dir='ltr'>causam</span> <span class='ocrx_word' id='word_1_124' title='bbox 1216 1665 1277 1706; x_wconf 92' lang='lat' dir='ltr'>non</span> <span class='ocrx_word' id='word_1_125' title='bbox 1301 1647 1436 1713; x_wconf 90' lang='lat' dir='ltr'>novisse,</span> <span class='ocrx_word' id='word_1_126' title='bbox 1461 1663 1533 1703; x_wconf 86' lang='lat' dir='ltr'>nam</span> 
     </span>
     <span class='ocr_line' id='line_1_15' title="bbox 252 1730 1533 1816; baseline 0 -22"><span class='ocrx_word' id='word_1_127' title='bbox 252 1735 345 1794; x_wconf 92' lang='lat' dir='ltr'>credit</span> <span class='ocrx_word' id='word_1_128' title='bbox 367 1737 456 1794; x_wconf 85' lang='lat' dir='ltr'>haec:</span> <span class='ocrx_word' id='word_1_129' title='bbox 488 1736 609 1816; x_wconf 78' lang='lat' dir='ltr'>„omnia</span> <span class='ocrx_word' id='word_1_130' title='bbox 632 1737 711 1793; x_wconf 92' lang='lat' dir='ltr'>enim</span> <span class='ocrx_word' id='word_1_131' title='bbox 734 1735 853 1794; x_wconf 91' lang='lat' dir='ltr'>minuta</span> <span class='ocrx_word' id='word_1_132' title='bbox 876 1739 907 1794; x_wconf 94' lang='lat' dir='ltr'>et</span> <span class='ocrx_word' id='word_1_133' title='bbox 929 1736 1015 1794; x_wconf 85' lang='lat' dir='ltr'>arida</span> <span class='ocrx_word' id='word_1_134' title='bbox 1037 1736 1077 1793; x_wconf 88' lang='lat' dir='ltr'>ad</span> <span class='ocrx_word' id='word_1_135' title='bbox 1100 1736 1294 1794; x_wconf 86' lang='lat' dir='ltr'>crescendum</span> <span class='ocrx_word' id='word_1_136' title='bbox 1316 1730 1441 1804; x_wconf 85' lang='lat' dir='ltr'>tarda“;</span> <span class='ocrx_word' id='word_1_137' title='bbox 1465 1752 1533 1809; x_wconf 90' lang='lat' dir='ltr'>per-</span> 
     </span>
     <span class='ocr_line' id='line_1_16' title="bbox 252 1820 1530 1904; baseline 0.002 -22"><span class='ocrx_word' id='word_1_138' title='bbox 252 1843 379 1883; x_wconf 89' lang='lat' dir='ltr'>suasum</span> <span class='ocrx_word' id='word_1_139' title='bbox 402 1827 505 1882; x_wconf 90' lang='lat' dir='ltr'>autem</span> <span class='ocrx_word' id='word_1_140' title='bbox 528 1826 626 1883; x_wconf 89' lang='lat' dir='ltr'>habeo</span> <span class='ocrx_word' id='word_1_141' title='bbox 650 1843 718 1882; x_wconf 92' lang='lat' dir='ltr'>eum</span> <span class='ocrx_word' id='word_1_142' title='bbox 742 1825 824 1900; x_wconf 91' lang='lat' dir='ltr'>apud</span> <span class='ocrx_word' id='word_1_143' title='bbox 847 1828 1002 1882; x_wconf 90' lang='lat' dir='ltr'>auctorem</span> <span class='ocrx_word' id='word_1_144' title='bbox 1026 1842 1081 1900; x_wconf 89' lang='lat' dir='ltr'>pro</span> <span class='ocrx_word' id='word_1_145' title='bbox 1100 1820 1256 1904; x_wconf 82' lang='lat' dir='ltr'>„minuta“</span> <span class='ocrx_word' id='word_1_146' title='bbox 1283 1824 1395 1898; x_wconf 79' lang='lat' dir='ltr'><strong>legisse</strong></span> <span class='ocrx_word' id='word_1_147' title='bbox 1414 1821 1530 1890; x_wconf 84' lang='grc' dir='ltr'><em>πυκνά,</em></span> 
     </span>
     <span class='ocr_line' id='line_1_17' title="bbox 250 1914 1532 1992; baseline -0.002 -20"><span class='ocrx_word' id='word_1_148' title='bbox 250 1915 342 1972; x_wconf 90' lang='lat' dir='ltr'>huius</span> <span class='ocrx_word' id='word_1_149' title='bbox 366 1917 469 1972; x_wconf 90' lang='lat' dir='ltr'>autem</span> <span class='ocrx_word' id='word_1_150' title='bbox 493 1914 636 1972; x_wconf 91' lang='lat' dir='ltr'>adiectivi</span> <span class='ocrx_word' id='word_1_151' title='bbox 659 1915 727 1971; x_wconf 90' lang='lat' dir='ltr'>loco</span> <span class='ocrx_word' id='word_1_152' title='bbox 752 1914 952 1972; x_wconf 84' lang='lat' dir='ltr'>substituisse</span> <span class='ocrx_word' id='word_1_153' title='bbox 977 1914 1146 1992; x_wconf 85' lang='lat' dir='ltr'>„minuta“,</span> <span class='ocrx_word' id='word_1_154' title='bbox 1171 1914 1254 1987; x_wconf 91' lang='lat' dir='ltr'>quod</span> <span class='ocrx_word' id='word_1_155' title='bbox 1277 1914 1335 1971; x_wconf 91' lang='lat' dir='ltr'>hoc</span> <span class='ocrx_word' id='word_1_156' title='bbox 1357 1915 1478 1970; x_wconf 91' lang='lat' dir='ltr'>tantum</span> <span class='ocrx_word' id='word_1_157' title='bbox 1501 1914 1532 1969; x_wconf 95' lang='lat' dir='ltr'>in</span> 
     </span>
     <span class='ocr_line' id='line_1_18' title="bbox 251 2002 1533 2078; baseline -0.002 -17"><span class='ocrx_word' id='word_1_158' title='bbox 251 2004 469 2062; x_wconf 90' lang='lat' dir='ltr'>sententiarum</span> <span class='ocrx_word' id='word_1_159' title='bbox 493 2003 626 2060; x_wconf 83' lang='lat' dir='ltr'>ordinem</span> <span class='ocrx_word' id='word_1_160' title='bbox 659 2002 798 2078; x_wconf 89' lang='lat' dir='ltr'>quadrat,</span> <span class='ocrx_word' id='word_1_161' title='bbox 832 2020 922 2076; x_wconf 91' lang='lat' dir='ltr'>quem</span> <span class='ocrx_word' id='word_1_162' title='bbox 953 2003 1012 2061; x_wconf 87' lang='lat' dir='ltr'>sibi</span> <span class='ocrx_word' id='word_1_163' title='bbox 1036 2002 1072 2060; x_wconf 94' lang='lat' dir='ltr'>de</span> <span class='ocrx_word' id='word_1_164' title='bbox 1096 2003 1144 2060; x_wconf 94' lang='lat' dir='ltr'>his</span> <span class='ocrx_word' id='word_1_165' title='bbox 1167 2004 1258 2060; x_wconf 87' lang='lat' dir='ltr'>rebus</span> <span class='ocrx_word' id='word_1_166' title='bbox 1289 2002 1430 2070; x_wconf 81' lang='lat' dir='ltr'>finxerat,</span> <span class='ocrx_word' id='word_1_167' title='bbox 1464 2019 1533 2059; x_wconf 89' lang='grc'>111111</span> 
     </span>
     <span class='ocr_line' id='line_1_19' title="bbox 250 2091 1532 2166; baseline -0.002 -16"><span class='ocrx_word' id='word_1_168' title='bbox 250 2093 280 2150; x_wconf 93' lang='lat' dir='ltr'>id</span> <span class='ocrx_word' id='word_1_169' title='bbox 312 2092 399 2150; x_wconf 90' lang='lat' dir='ltr'>nihili</span> <span class='ocrx_word' id='word_1_170' title='bbox 428 2093 543 2149; x_wconf 82' lang='lat' dir='ltr'>faceret</span> <span class='ocrx_word' id='word_1_171' title='bbox 577 2094 633 2149; x_wconf 87' lang='lat' dir='ltr'>aut</span> <span class='ocrx_word' id='word_1_172' title='bbox 667 2091 788 2148; x_wconf 93' lang='lat' dir='ltr'>omnino</span> <span class='ocrx_word' id='word_1_173' title='bbox 820 2109 882 2149; x_wconf 92' lang='lat' dir='ltr'>non</span> <span class='ocrx_word' id='word_1_174' title='bbox 913 2091 1175 2159; x_wconf 84' lang='lat' dir='ltr'>animadverteret,</span> <span class='ocrx_word' id='word_1_175' title='bbox 1212 2091 1295 2166; x_wconf 88' lang='lat' dir='ltr'>quod</span> <span class='ocrx_word' id='word_1_176' title='bbox 1326 2092 1373 2148; x_wconf 90' lang='lat' dir='ltr'>ita</span> <span class='ocrx_word' id='word_1_177' title='bbox 1407 2092 1532 2149; x_wconf 92' lang='lat' dir='ltr'>verbum</span> 
     </span>
     <span class='ocr_line' id='line_1_20' title="bbox 254 2176 1533 2261; baseline -0.003 -21"><span class='ocrx_word' id='word_1_178' title='bbox 254 2176 409 2261; x_wconf 86' lang='lat' dir='ltr'>„laxiora“</span> <span class='ocrx_word' id='word_1_179' title='bbox 437 2181 587 2240; x_wconf 89' lang='lat' dir='ltr'>contrario</span> <span class='ocrx_word' id='word_1_180' title='bbox 605 2180 796 2254; x_wconf 86' lang='lat' dir='ltr'>spoliabatur</span> <span class='ocrx_word' id='word_1_181' title='bbox 820 2182 850 2238; x_wconf 89' lang='lat' dir='ltr'>et</span> <span class='ocrx_word' id='word_1_182' title='bbox 871 2198 935 2238; x_wconf 85' lang='lat' dir='ltr'>una</span> <span class='ocrx_word' id='word_1_183' title='bbox 950 2180 1053 2248; x_wconf 83' lang='lat' dir='ltr'>fiebat,</span> <span class='ocrx_word' id='word_1_184' title='bbox 1079 2184 1114 2237; x_wconf 91' lang='lat' dir='ltr'>ut</span> <span class='ocrx_word' id='word_1_185' title='bbox 1130 2181 1177 2238; x_wconf 93' lang='lat' dir='ltr'>vir</span> <span class='ocrx_word' id='word_1_186' title='bbox 1191 2180 1289 2238; x_wconf 90' lang='lat' dir='ltr'>minor</span> <span class='ocrx_word' id='word_1_187' title='bbox 1313 2197 1404 2255; x_wconf 90' lang='lat' dir='ltr'>quam</span> <span class='ocrx_word' id='word_1_188' title='bbox 1419 2179 1533 2238; x_wconf 83' lang='lat' dir='ltr'>femina</span> 
     </span>
     <span class='ocr_line' id='line_1_21' title="bbox 247 2268 1530 2344; baseline -0.003 -16"><span class='ocrx_word' id='word_1_189' title='bbox 247 2289 319 2328; x_wconf 90' lang='lat' dir='ltr'>esse</span> <span class='ocrx_word' id='word_1_190' title='bbox 344 2270 499 2327; x_wconf 83' lang='lat' dir='ltr'>diceretur.</span> <span class='ocrx_word' id='word_1_191' title='bbox 538 2269 621 2326; x_wconf 88' lang='lat' dir='ltr'>Haec</span> <span class='ocrx_word' id='word_1_192' title='bbox 637 2287 729 2343; x_wconf 90' lang='lat' dir='ltr'>quam</span> <span class='ocrx_word' id='word_1_193' title='bbox 752 2269 886 2343; x_wconf 84' lang='lat' dir='ltr'>insignia</span> <span class='ocrx_word' id='word_1_194' title='bbox 909 2269 972 2326; x_wconf 91' lang='lat' dir='ltr'>sint</span> <span class='ocrx_word' id='word_1_195' title='bbox 988 2269 1026 2326; x_wconf 91' lang='lat' dir='ltr'>ad</span> <span class='ocrx_word' id='word_1_196' title='bbox 1050 2269 1301 2344; x_wconf 89' lang='lat' dir='ltr'>perspiciendum,</span> <span class='ocrx_word' id='word_1_197' title='bbox 1327 2286 1389 2343; x_wconf 89' lang='lat' dir='ltr'>qua</span> <span class='ocrx_word' id='word_1_198' title='bbox 1403 2268 1530 2335; x_wconf 88' lang='lat' dir='ltr'>ratione,</span> 
     </span>
     <span class='ocr_line' id='line_1_22' title="bbox 252 2357 1530 2434; baseline -0.001 -19"><span class='ocrx_word' id='word_1_199' title='bbox 252 2361 311 2416; x_wconf 82' lang='grc'>11.</span> <span class='ocrx_word' id='word_1_200' title='bbox 336 2361 453 2434; x_wconf 90' lang='lat' dir='ltr'>quanta</span> <span class='ocrx_word' id='word_1_201' title='bbox 483 2358 672 2432; x_wconf 82' lang='lat' dir='ltr'>neglegentia</span> <span class='ocrx_word' id='word_1_202' title='bbox 694 2358 790 2416; x_wconf 88' lang='lat' dir='ltr'>Varro</span> <span class='ocrx_word' id='word_1_203' title='bbox 822 2376 869 2425; x_wconf 88' lang='lat' dir='ltr'>ca,</span> <span class='ocrx_word' id='word_1_204' title='bbox 906 2376 986 2433; x_wconf 88' lang='lat' dir='ltr'>quae</span> <span class='ocrx_word' id='word_1_205' title='bbox 1020 2358 1103 2432; x_wconf 93' lang='lat' dir='ltr'>apud</span> <span class='ocrx_word' id='word_1_206' title='bbox 1125 2357 1313 2433; x_wconf 82' lang='lat' dir='ltr'>Diophanem</span> <span class='ocrx_word' id='word_1_207' title='bbox 1348 2358 1530 2424; x_wconf 84' lang='lat' dir='ltr'>inveniebat,</span> 
     </span>
     <span class='ocr_line' id='line_1_23' title="bbox 251 2446 754 2522; baseline -0.004 -16"><span class='ocrx_word' id='word_1_208' title='bbox 251 2447 442 2522; x_wconf 85' lang='lat' dir='ltr'>expresserit,</span> <span class='ocrx_word' id='word_1_209' title='bbox 468 2464 555 2505; x_wconf 90' lang='lat' dir='ltr'>nemo</span> <span class='ocrx_word' id='word_1_210' title='bbox 579 2465 640 2504; x_wconf 93' lang='lat' dir='ltr'>non</span> <span class='ocrx_word' id='word_1_211' title='bbox 663 2446 754 2504; x_wconf 89' lang='lat' dir='ltr'>videt.</span> 
     </span>
    </p>

    <p class='ocr_par' dir='ltr' id='par_1_4' title="bbox 248 2534 1534 3853">
     <span class='ocr_line' id='line_1_24' title="bbox 365 2534 1534 2611; baseline -0.001 -18"><span class='ocrx_word' id='word_1_212' title='bbox 365 2536 479 2603; x_wconf 90' lang='lat' dir='ltr'>Omnia,</span> <span class='ocrx_word' id='word_1_213' title='bbox 506 2553 584 2611; x_wconf 91' lang='lat' dir='ltr'>quae</span> <span class='ocrx_word' id='word_1_214' title='bbox 608 2537 666 2593; x_wconf 87' lang='lat' dir='ltr'>hac</span> <span class='ocrx_word' id='word_1_215' title='bbox 690 2534 792 2610; x_wconf 88' lang='lat' dir='ltr'>ampla</span> <span class='ocrx_word' id='word_1_216' title='bbox 815 2535 988 2610; x_wconf 80' lang='lat' dir='ltr'>parenthesi</span> <span class='ocrx_word' id='word_1_217' title='bbox 1012 2553 1032 2592; x_wconf 98' lang='lat' dir='ltr'>a</span> <span class='ocrx_word' id='word_1_218' title='bbox 1048 2535 1230 2592; x_wconf 88' lang='lat' dir='ltr'>Schneidero</span> <span class='ocrx_word' id='word_1_219' title='bbox 1254 2535 1350 2610; x_wconf 91' lang='lat' dir='ltr'>primo</span> <span class='ocrx_word' id='word_1_220' title='bbox 1373 2537 1534 2610; x_wconf 88' lang='lat' dir='ltr'>perspecta</span> 
     </span>
     <span class='ocr_line' id='line_1_25' title="bbox 249 2623 1533 2700; baseline 0 -18"><span class='ocrx_word' id='word_1_221' title='bbox 249 2625 454 2693; x_wconf 89' lang='lat' dir='ltr'>continentur,</span> <span class='ocrx_word' id='word_1_222' title='bbox 480 2626 518 2682; x_wconf 90' lang='lat' dir='ltr'>ad</span> <span class='ocrx_word' id='word_1_223' title='bbox 543 2624 785 2700; x_wconf 86' lang='lat' dir='ltr'>Theophrastum</span> <span class='ocrx_word' id='word_1_224' title='bbox 812 2623 947 2681; x_wconf 90' lang='lat' dir='ltr'>redeunt.</span> <span class='ocrx_word' id='word_1_225' title='bbox 993 2623 1188 2698; x_wconf 78' lang='lat' dir='ltr'>Respondent</span> <span class='ocrx_word' id='word_1_226' title='bbox 1210 2624 1269 2682; x_wconf 90' lang='lat' dir='ltr'>sibi</span> <span class='ocrx_word' id='word_1_227' title='bbox 1292 2624 1434 2699; x_wconf 78' lang='lat' dir='ltr'>deinceps</span> <span class='ocrx_word' id='word_1_228' title='bbox 1457 2624 1533 2682; x_wconf 84' lang='lat' dir='ltr'>haec</span> 
     </span>
     <span class='ocr_line' id='line_1_26' title="bbox 252 2713 1532 2794; baseline -0.002 -22"><span class='ocrx_word' id='word_1_229' title='bbox 252 2716 357 2772; x_wconf 91' lang='lat' dir='ltr'>verba:</span> <span class='ocrx_word' id='word_1_230' title='bbox 389 2714 511 2794; x_wconf 85' lang='lat' dir='ltr'>„omnia</span> <span class='ocrx_word' id='word_1_231' title='bbox 534 2713 612 2771; x_wconf 89' lang='lat' dir='ltr'>enim</span> <span class='ocrx_word' id='word_1_232' title='bbox 636 2713 791 2770; x_wconf 87' lang='lat' dir='ltr'>minuta</span> <span class='ocrx_word' id='word_1_233' title='bbox 814 2715 845 2769; x_wconf 92' lang='lat' dir='ltr'>et</span> <span class='ocrx_word' id='word_1_234' title='bbox 868 2713 955 2770; x_wconf 89' lang='lat' dir='ltr'>arida</span> <span class='ocrx_word' id='word_1_235' title='bbox 977 2713 1016 2769; x_wconf 87' lang='lat' dir='ltr'>ad</span> <span class='ocrx_word' id='word_1_236' title='bbox 1040 2713 1236 2770; x_wconf 88' lang='lat' dir='ltr'>crescendum</span> <span class='ocrx_word' id='word_1_237' title='bbox 1257 2714 1355 2780; x_wconf 88' lang='lat' dir='ltr'>tarda,</span> <span class='ocrx_word' id='word_1_238' title='bbox 1381 2731 1426 2782; x_wconf 91' lang='lat' dir='ltr'>ea,</span> <span class='ocrx_word' id='word_1_239' title='bbox 1452 2730 1532 2787; x_wconf 88' lang='lat' dir='ltr'>quae</span> 
     </span>
     <span class='ocr_line' id='line_1_27' title="bbox 250 2796 1532 2880; baseline 0.001 -20"><span class='ocrx_word' id='word_1_240' title='bbox 250 2804 378 2870; x_wconf 79' lang='lat' dir='ltr'>laxiora.</span> <span class='ocrx_word' id='word_1_241' title='bbox 419 2805 449 2860; x_wconf 96' lang='grc'>11</span> <span class='ocrx_word' id='word_1_242' title='bbox 486 2796 681 2860; x_wconf 85' lang='lat' dir='ltr'>fecundiora“</span> <span class='ocrx_word' id='word_1_243' title='bbox 723 2803 754 2859; x_wconf 90' lang='lat' dir='ltr'>et</span> <span class='ocrx_word' id='word_1_244' title='bbox 791 2797 859 2880; x_wconf 78' lang='lat'>§2:</span> <span class='ocrx_word' id='word_1_245' title='bbox 905 2796 943 2860; x_wconf 89' lang='grc' dir='ltr'>τὰ</span> <span class='ocrx_word' id='word_1_246' title='bbox 981 2797 1041 2879; x_wconf 81' lang='grc' dir='ltr'>μὲν</span> <span class='ocrx_word' id='word_1_247' title='bbox 1080 2797 1141 2879; x_wconf 85' lang='grc' dir='ltr'>γὰρ</span> <span class='ocrx_word' id='word_1_248' title='bbox 1178 2798 1320 2861; x_wconf 86' lang='grc' dir='ltr'><em>πυκνὰ</em></span> <span class='ocrx_word' id='word_1_249' title='bbox 1357 2798 1413 2861; x_wconf 78' lang='grc' dir='ltr'>καὶ</span> <span class='ocrx_word' id='word_1_250' title='bbox 1449 2797 1532 2880; x_wconf 77' lang='grc' dir='ltr'><em>ξηρὰ</em></span> 
     </span>
     <span class='ocr_line' id='line_1_28' title="bbox 252 2886 1533 2969; baseline -0.002 -17"><span class='ocrx_word' id='word_1_251' title='bbox 252 2889 434 2969; x_wconf 82' lang='grc' dir='ltr'><em>δυσαύξητα</em></span> <span class='ocrx_word' id='word_1_252' title='bbox 463 2937 469 2950; x_wconf 92' lang='grc'><strong>.</strong></span> <span class='ocrx_word' id='word_1_253' title='bbox 494 2937 500 2948; x_wconf 96' lang='grc'>.</span> <span class='ocrx_word' id='word_1_254' title='bbox 525 2936 531 2949; x_wconf 93' lang='grc'><strong>.</strong></span> <span class='ocrx_word' id='word_1_255' title='bbox 566 2887 704 2967; x_wconf 73' lang='grc' dir='ltr'><em>θατέρου</em></span> <span class='ocrx_word' id='word_1_256' title='bbox 741 2886 770 2948; x_wconf 80' lang='grc' dir='ltr'>δ’</span> <span class='ocrx_word' id='word_1_257' title='bbox 794 2887 828 2950; x_wconf 75' lang='grc' dir='ltr'>ἐν</span> <span class='ocrx_word' id='word_1_258' title='bbox 862 2887 959 2968; x_wconf 77' lang='grc' dir='ltr'><strong><em>ὀλίγῳ</em></strong></span> <span class='ocrx_word' id='word_1_259' title='bbox 992 2886 1093 2968; x_wconf 66' lang='grc' dir='ltr'><strong><em>πολλὴ</em></strong></span> <span class='ocrx_word' id='word_1_260' title='bbox 1129 2889 1181 2966; x_wconf 77' lang='lat' dir='ltr'>(sc.</span> <span class='ocrx_word' id='word_1_261' title='bbox 1205 2887 1355 2968; x_wconf 70' lang='grc' dir='ltr'><em>ἐπίδοσις)</em></span> <span class='ocrx_word' id='word_1_262' title='bbox 1390 2886 1442 2950; x_wconf 84' lang='grc' dir='ltr'>διὰ</span> <span class='ocrx_word' id='word_1_263' title='bbox 1475 2887 1533 2969; x_wconf 83' lang='grc' dir='ltr'>τὴν</span> 
     </span>
     <span class='ocr_line' id='line_1_29' title="bbox 250 2977 1531 3059; baseline -0.002 -20"><span class='ocrx_word' id='word_1_264' title='bbox 250 2977 432 3059; x_wconf 56' lang='lat' dir='ltr'>pavorem</span> <span class='ocrx_word' id='word_1_265' title='bbox 474 2982 529 3059; x_wconf 82' lang='lat' dir='ltr'>„ut</span> <span class='ocrx_word' id='word_1_266' title='bbox 558 2979 671 3037; x_wconf 83' lang='lat' dir='ltr'>femina</span> <span class='ocrx_word' id='word_1_267' title='bbox 702 2996 794 3054; x_wconf 90' lang='lat' dir='ltr'>quarn</span> <span class='ocrx_word' id='word_1_268' title='bbox 826 2996 893 3036; x_wconf 91' lang='lat' dir='ltr'>mas</span> <span class='ocrx_word' id='word_1_269' title='bbox 924 2981 955 3036; x_wconf 92' lang='lat' dir='ltr'>et</span> <span class='ocrx_word' id='word_1_270' title='bbox 985 2980 1180 3053; x_wconf 87' lang='lat' dir='ltr'>proportione</span> <span class='ocrx_word' id='word_1_271' title='bbox 1210 2980 1242 3036; x_wconf 93' lang='lat' dir='ltr'>in</span> <span class='ocrx_word' id='word_1_272' title='bbox 1273 2979 1414 3054; x_wconf 82' lang='lat' dir='ltr'>virgultis</span> <span class='ocrx_word' id='word_1_273' title='bbox 1444 2979 1531 3037; x_wconf 90' lang='lat' dir='ltr'>item:</span> 
     </span>
     <span class='ocr_line' id='line_1_30' title="bbox 250 3067 1531 3144; baseline 0 -18"><span class='ocrx_word' id='word_1_274' title='bbox 250 3071 355 3144; x_wconf 88' lang='lat' dir='ltr'>itaque</span> <span class='ocrx_word' id='word_1_275' title='bbox 386 3069 474 3138; x_wconf 87' lang='lat' dir='ltr'>ficus,</span> <span class='ocrx_word' id='word_1_276' title='bbox 515 3067 614 3126; x_wconf 87' lang='lat' dir='ltr'>malus</span> <span class='ocrx_word' id='word_1_277' title='bbox 649 3068 762 3143; x_wconf 89' lang='lat' dir='ltr'>punica</span> <span class='ocrx_word' id='word_1_278' title='bbox 794 3070 825 3125; x_wconf 89' lang='lat' dir='ltr'>et</span> <span class='ocrx_word' id='word_1_279' title='bbox 858 3068 931 3125; x_wconf 89' lang='lat' dir='ltr'>vitis</span> <span class='ocrx_word' id='word_1_280' title='bbox 954 3070 1077 3143; x_wconf 90' lang='lat' dir='ltr'>propter</span> <span class='ocrx_word' id='word_1_281' title='bbox 1105 3068 1267 3126; x_wconf 82' lang='lat' dir='ltr'>femineam</span> <span class='ocrx_word' id='word_1_282' title='bbox 1301 3069 1459 3126; x_wconf 87' lang='lat' dir='ltr'>mollitiam</span> <span class='ocrx_word' id='word_1_283' title='bbox 1491 3068 1531 3126; x_wconf 92' lang='lat' dir='ltr'>ad</span> 
     </span>
     <span class='ocr_line' id='line_1_31' title="bbox 251 3157 1531 3232; baseline -0.002 -15"><span class='ocrx_word' id='word_1_284' title='bbox 251 3159 445 3217; x_wconf 87' lang='lat' dir='ltr'>crescendum</span> <span class='ocrx_word' id='word_1_285' title='bbox 477 3175 581 3232; x_wconf 88' lang='lat' dir='ltr'>prona,</span> <span class='ocrx_word' id='word_1_286' title='bbox 619 3159 725 3214; x_wconf 87' lang='lat' dir='ltr'>contra</span> <span class='ocrx_word' id='word_1_287' title='bbox 756 3157 859 3232; x_wconf 86' lang='lat' dir='ltr'>palma</span> <span class='ocrx_word' id='word_1_288' title='bbox 890 3159 922 3214; x_wconf 90' lang='lat' dir='ltr'>et</span> <span class='ocrx_word' id='word_1_289' title='bbox 949 3174 1112 3231; x_wconf 89' lang='lat' dir='ltr'>cupressus</span> <span class='ocrx_word' id='word_1_290' title='bbox 1147 3159 1179 3215; x_wconf 90' lang='lat' dir='ltr'>et</span> <span class='ocrx_word' id='word_1_291' title='bbox 1208 3157 1277 3215; x_wconf 86' lang='lat' dir='ltr'>olea</span> <span class='ocrx_word' id='word_1_292' title='bbox 1306 3158 1338 3214; x_wconf 93' lang='lat' dir='ltr'>in</span> <span class='ocrx_word' id='word_1_293' title='bbox 1369 3157 1531 3216; x_wconf 87' lang='lat' dir='ltr'>crescendo</span> 
     </span>
     <span class='ocr_line' id='line_1_32' title="bbox 252 3241 1533 3325; baseline 0.002 -21"><span class='ocrx_word' id='word_1_294' title='bbox 252 3249 354 3306; x_wconf 87' lang='lat' dir='ltr'>tarda:</span> <span class='ocrx_word' id='word_1_295' title='bbox 388 3247 419 3304; x_wconf 92' lang='lat' dir='ltr'>in</span> <span class='ocrx_word' id='word_1_296' title='bbox 443 3247 501 3304; x_wconf 91' lang='lat' dir='ltr'>hoc</span> <span class='ocrx_word' id='word_1_297' title='bbox 525 3247 604 3304; x_wconf 90' lang='lat' dir='ltr'>enim</span> <span class='ocrx_word' id='word_1_298' title='bbox 626 3245 777 3303; x_wconf 83' lang='lat' dir='ltr'>umidiore</span> <span class='ocrx_word' id='word_1_299' title='bbox 800 3262 893 3321; x_wconf 88' lang='lat' dir='ltr'>quarn</span> <span class='ocrx_word' id='word_1_300' title='bbox 916 3241 1067 3303; x_wconf 89' lang='lat' dir='ltr'>aridiora“</span> <span class='ocrx_word' id='word_1_301' title='bbox 1076 3242 1099 3322; x_wconf 76' lang='lat'>1)</span> <span class='ocrx_word' id='word_1_302' title='bbox 1124 3249 1155 3304; x_wconf 91' lang='grc'>11</span> <span class='ocrx_word' id='word_1_303' title='bbox 1178 3246 1247 3304; x_wconf 93' lang='lat' dir='ltr'>ibid.</span> <span class='ocrx_word' id='word_1_304' title='bbox 1272 3242 1341 3325; x_wconf 69' lang='lat'>§42</span> <span class='ocrx_word' id='word_1_305' title='bbox 1381 3241 1533 3324; x_wconf 80' lang='grc' dir='ltr'><em>(φανερὸν</em></span> 
     </span>
     <span class='ocr_line' id='line_1_33' title="bbox 252 3331 1533 3413; baseline -0.002 -17"><span class='ocrx_word' id='word_1_306' title='bbox 252 3333 286 3396; x_wconf 86' lang='grc' dir='ltr'>δὲ</span> <span class='ocrx_word' id='word_1_307' title='bbox 309 3333 363 3395; x_wconf 83' lang='grc' dir='ltr'>καὶ</span> <span class='ocrx_word' id='word_1_308' title='bbox 386 3332 436 3394; x_wconf 79' lang='grc' dir='ltr'>ἐπὶ</span> <span class='ocrx_word' id='word_1_309' title='bbox 465 3337 531 3394; x_wconf 83' lang='grc' dir='ltr'>τῶν</span> <span class='ocrx_word' id='word_1_310' title='bbox 561 3331 667 3395; x_wconf 77' lang='grc' dir='ltr'><em>ἄλλων</em></span> <span class='ocrx_word' id='word_1_311' title='bbox 698 3332 796 3404; x_wconf 83' lang='grc' dir='ltr'><em>ζώων</em></span> <span class='ocrx_word' id='word_1_312' title='bbox 818 3337 910 3394; x_wconf 84' lang='grc' dir='ltr'>τοῦτο</span> <span class='ocrx_word' id='word_1_313' title='bbox 941 3332 1119 3413; x_wconf 82' lang='grc' dir='ltr'><em>συμβαῖνον</em></span> <span class='ocrx_word' id='word_1_314' title='bbox 1149 3331 1203 3394; x_wconf 79' lang='grc' dir='ltr'>καὶ</span> <span class='ocrx_word' id='word_1_315' title='bbox 1231 3331 1365 3413; x_wconf 73' lang='grc' dir='ltr'><em>μάλιστα</em></span> <span class='ocrx_word' id='word_1_316' title='bbox 1395 3332 1533 3394; x_wconf 77' lang='grc' dir='ltr'><em>ἐπὶτῶν</em></span> 
     </span>
     <span class='ocr_line' id='line_1_34' title="bbox 249 3419 1533 3503; baseline -0.003 -17"><span class='ocrx_word' id='word_1_317' title='bbox 249 3423 441 3501; x_wconf 74' lang='grc' dir='ltr'><em>ἀνθρώπων</em></span> <span class='ocrx_word' id='word_1_318' title='bbox 457 3423 473 3501; x_wconf 85' lang='lat'>·)</span> <span class='ocrx_word' id='word_1_319' title='bbox 499 3421 708 3501; x_wconf 82' lang='grc' dir='ltr'><em>εὓαυξέστερα</em></span> <span class='ocrx_word' id='word_1_320' title='bbox 739 3419 800 3501; x_wconf 85' lang='grc' dir='ltr'>γὰρ</span> <span class='ocrx_word' id='word_1_321' title='bbox 831 3419 868 3483; x_wconf 89' lang='grc' dir='ltr'>τὰ</span> <span class='ocrx_word' id='word_1_322' title='bbox 899 3420 1001 3502; x_wconf 68' lang='grc' dir='ltr'><strong><em>θήλεα</em></strong></span> <span class='ocrx_word' id='word_1_323' title='bbox 1024 3426 1090 3483; x_wconf 87' lang='grc' dir='ltr'>τῶν</span> <span class='ocrx_word' id='word_1_324' title='bbox 1121 3421 1268 3503; x_wconf 79' lang='grc' dir='ltr'><em>ἀρρένων</em></span> <span class='ocrx_word' id='word_1_325' title='bbox 1291 3421 1456 3502; x_wconf 70' lang='grc' dir='ltr'><em>(ὑγρότερα</em></span> <span class='ocrx_word' id='word_1_326' title='bbox 1478 3420 1533 3483; x_wconf 85' lang='grc' dir='ltr'>καὶ</span> 
     </span>
     <span class='ocr_line' id='line_1_35' title="bbox 248 3508 1531 3593; baseline -0.001 -19"><span class='ocrx_word' id='word_1_327' title='bbox 248 3511 410 3593; x_wconf 85' lang='grc' dir='ltr'><em>μανότερα</em></span> <span class='ocrx_word' id='word_1_328' title='bbox 433 3509 490 3591; x_wconf 81' lang='grc' dir='ltr'>τὴν</span> <span class='ocrx_word' id='word_1_329' title='bbox 513 3509 609 3591; x_wconf 83' lang='grc' dir='ltr'><em>φύσιν</em></span> <span class='ocrx_word' id='word_1_330' title='bbox 632 3509 726 3588; x_wconf 61' lang='grc' dir='ltr'><em>ὄντα.)</em></span> <span class='ocrx_word' id='word_1_331' title='bbox 751 3508 847 3590; x_wconf 77' lang='grc' dir='ltr'><em>δῆλον</em></span> <span class='ocrx_word' id='word_1_332' title='bbox 872 3509 905 3572; x_wconf 80' lang='grc' dir='ltr'>δὲ</span> <span class='ocrx_word' id='word_1_333' title='bbox 929 3510 984 3572; x_wconf 77' lang='grc' dir='ltr'>καὶ</span> <span class='ocrx_word' id='word_1_334' title='bbox 1006 3510 1054 3572; x_wconf 78' lang='grc' dir='ltr'>ἐπ’</span> <span class='ocrx_word' id='word_1_335' title='bbox 1072 3510 1178 3573; x_wconf 83' lang='grc' dir='ltr'><em>αὐτῶν</em></span> <span class='ocrx_word' id='word_1_336' title='bbox 1199 3515 1265 3574; x_wconf 78' lang='grc' dir='ltr'>τῶν</span> <span class='ocrx_word' id='word_1_337' title='bbox 1285 3509 1430 3590; x_wconf 78' lang='grc' dir='ltr'><em>δένδρων</em></span> <span class='ocrx_word' id='word_1_338' title='bbox 1446 3528 1453 3542; x_wconf 92' lang='grc'><em>·</em></span> <span class='ocrx_word' id='word_1_339' title='bbox 1469 3509 1531 3590; x_wconf 80' lang='grc' dir='ltr'>ῥόα</span> 
     </span>
     <span class='ocr_line' id='line_1_36' title="bbox 250 3597 1533 3682; baseline -0.001 -20"><span class='ocrx_word' id='word_1_340' title='bbox 250 3600 309 3681; x_wconf 73' lang='grc' dir='ltr'>μὲν</span> <span class='ocrx_word' id='word_1_341' title='bbox 341 3598 402 3682; x_wconf 78' lang='grc' dir='ltr'>γὰρ</span> <span class='ocrx_word' id='word_1_342' title='bbox 432 3598 486 3662; x_wconf 75' lang='grc' dir='ltr'>καὶ</span> <span class='ocrx_word' id='word_1_343' title='bbox 517 3604 600 3680; x_wconf 83' lang='grc' dir='ltr'><strong><em>συκῆ</em></strong></span> <span class='ocrx_word' id='word_1_344' title='bbox 630 3597 684 3660; x_wconf 77' lang='grc' dir='ltr'>καὶ</span> <span class='ocrx_word' id='word_1_345' title='bbox 715 3597 857 3679; x_wconf 79' lang='grc' dir='ltr'><strong><em>ἄμπελος</em></strong></span> <span class='ocrx_word' id='word_1_346' title='bbox 888 3599 1022 3681; x_wconf 80' lang='grc' dir='ltr'><strong><em>εὐαυξῆ,</em></strong></span> <span class='ocrx_word' id='word_1_347' title='bbox 1055 3602 1162 3681; x_wconf 85' lang='grc' dir='ltr'><em>φοῖνιξ</em></span> <span class='ocrx_word' id='word_1_348' title='bbox 1193 3599 1228 3661; x_wconf 82' lang='grc' dir='ltr'>δὲ</span> <span class='ocrx_word' id='word_1_349' title='bbox 1258 3598 1311 3661; x_wconf 79' lang='grc' dir='ltr'>καὶ</span> <span class='ocrx_word' id='word_1_350' title='bbox 1343 3599 1533 3679; x_wconf 82' lang='grc' dir='ltr'><em>κυπάριττος</em></span> 
     </span>
     <span class='ocr_line' id='line_1_37' title="bbox 250 3685 1532 3769; baseline -0.003 -18"><span class='ocrx_word' id='word_1_351' title='bbox 250 3689 315 3765; x_wconf 74' lang='grc' dir='ltr'>(καὶ</span> <span class='ocrx_word' id='word_1_352' title='bbox 339 3687 447 3769; x_wconf 81' lang='grc' dir='ltr'><em>δάφνη</em></span> <span class='ocrx_word' id='word_1_353' title='bbox 471 3686 525 3749; x_wconf 80' lang='grc' dir='ltr'>καὶ</span> <span class='ocrx_word' id='word_1_354' title='bbox 547 3685 661 3768; x_wconf 79' lang='grc' dir='ltr'><em>πεύκη)</em></span> <span class='ocrx_word' id='word_1_355' title='bbox 684 3686 739 3749; x_wconf 77' lang='grc' dir='ltr'>καὶ</span> <span class='ocrx_word' id='word_1_356' title='bbox 761 3687 837 3749; x_wconf 81' lang='grc' dir='ltr'><em>ἐλάα</em></span> <span class='ocrx_word' id='word_1_357' title='bbox 863 3687 1037 3769; x_wconf 74' lang='grc' dir='ltr'><em>δυσαυξῆ“.</em></span> <span class='ocrx_word' id='word_1_358' title='bbox 1060 3725 1105 3732; x_wconf 99' lang='grc'><strong>-</strong></span> <span class='ocrx_word' id='word_1_359' title='bbox 1129 3691 1214 3761; x_wconf 81' lang='lat' dir='ltr'>Quod</span> <span class='ocrx_word' id='word_1_360' title='bbox 1237 3691 1347 3748; x_wconf 85' lang='lat' dir='ltr'>attinet</span> <span class='ocrx_word' id='word_1_361' title='bbox 1370 3691 1409 3748; x_wconf 84' lang='lat' dir='ltr'>ad</span> <span class='ocrx_word' id='word_1_362' title='bbox 1432 3692 1532 3748; x_wconf 89' lang='lat' dir='ltr'>toturn</span> 
     </span>
     <span class='ocr_line' id='line_1_38' title="bbox 252 3778 1531 3853; baseline 0 -17"><span class='ocrx_word' id='word_1_363' title='bbox 252 3781 364 3845; x_wconf 88' lang='lat' dir='ltr'>locum,</span> <span class='ocrx_word' id='word_1_364' title='bbox 389 3779 629 3836; x_wconf 87' lang='lat' dir='ltr'>animadvertam</span> <span class='ocrx_word' id='word_1_365' title='bbox 651 3778 895 3853; x_wconf 90' lang='lat' dir='ltr'>Theophrastum</span> <span class='ocrx_word' id='word_1_366' title='bbox 918 3780 993 3837; x_wconf 91' lang='lat' dir='ltr'>haec</span> <span class='ocrx_word' id='word_1_367' title='bbox 1016 3782 1110 3838; x_wconf 92' lang='lat' dir='ltr'>verba</span> <span class='ocrx_word' id='word_1_368' title='bbox 1132 3797 1194 3838; x_wconf 90' lang='lat' dir='ltr'>non</span> <span class='ocrx_word' id='word_1_369' title='bbox 1216 3782 1280 3837; x_wconf 89' lang='lat' dir='ltr'>tam</span> <span class='ocrx_word' id='word_1_370' title='bbox 1303 3780 1340 3837; x_wconf 94' lang='lat' dir='ltr'>de</span> <span class='ocrx_word' id='word_1_371' title='bbox 1363 3779 1531 3838; x_wconf 90' lang='lat' dir='ltr'>seminibus</span> 
     </span>
    </p>
   </div>
   <div class='ocr_carea' id='block_1_3' title="bbox 250 3950 1533 4307">
    <p class='ocr_par' dir='ltr' id='par_1_5' title="bbox 250 3950 1532 4092">
     <span class='ocr_line' id='line_1_39' title="bbox 250 3950 1532 4022; baseline -0.001 -17"><span class='ocrx_word' id='word_1_372' title='bbox 250 3953 279 4006; x_wconf 92' lang='lat' dir='ltr'>in</span> <span class='ocrx_word' id='word_1_373' title='bbox 297 3951 367 4004; x_wconf 92' lang='lat' dir='ltr'>libro</span> <span class='ocrx_word' id='word_1_374' title='bbox 393 3950 418 4004; x_wconf 93' lang='grc' dir='ltr'>Π</span> <span class='ocrx_word' id='word_1_375' title='bbox 445 3966 504 4003; x_wconf 90' lang='lat' dir='ltr'>rem</span> <span class='ocrx_word' id='word_1_376' title='bbox 527 3950 673 4004; x_wconf 89' lang='lat' dir='ltr'>instituere</span> <span class='ocrx_word' id='word_1_377' title='bbox 697 3950 800 4014; x_wconf 83' lang='lat' dir='ltr'>debuit,</span> <span class='ocrx_word' id='word_1_378' title='bbox 829 3950 876 4004; x_wconf 91' lang='lat' dir='ltr'>ubi</span> <span class='ocrx_word' id='word_1_379' title='bbox 894 3951 959 4004; x_wconf 92' lang='lat' dir='ltr'>inde</span> <span class='ocrx_word' id='word_1_380' title='bbox 976 3968 994 4004; x_wconf 89' lang='lat' dir='ltr'>a</span> <span class='ocrx_word' id='word_1_381' title='bbox 1013 3951 1097 4022; x_wconf 85' lang='lat' dir='ltr'>capi</span> <span class='ocrx_word' id='word_1_382' title='bbox 1111 3952 1144 4006; x_wconf 86' lang='lat'>13</span> <span class='ocrx_word' id='word_1_383' title='bbox 1161 3967 1265 4005; x_wconf 92' lang='lat' dir='ltr'>novem</span> <span class='ocrx_word' id='word_1_384' title='bbox 1284 3955 1386 4021; x_wconf 85' lang='lat' dir='ltr'>partes,</span> <span class='ocrx_word' id='word_1_385' title='bbox 1414 3950 1532 4022; x_wconf 89' lang='lat' dir='ltr'>quasin</span> 
     </span>
     <span class='ocr_line' id='line_1_40' title="bbox 251 4020 1175 4092; baseline 0 -16"><span class='ocrx_word' id='word_1_386' title='bbox 251 4038 365 4092; x_wconf 89' lang='lat' dir='ltr'>quoque</span> <span class='ocrx_word' id='word_1_387' title='bbox 383 4020 496 4075; x_wconf 88' lang='lat' dir='ltr'>animali</span> <span class='ocrx_word' id='word_1_388' title='bbox 514 4021 590 4084; x_wconf 85' lang='lat' dir='ltr'>iecit,</span> <span class='ocrx_word' id='word_1_389' title='bbox 609 4036 697 4091; x_wconf 92' lang='lat' dir='ltr'>usque</span> <span class='ocrx_word' id='word_1_390' title='bbox 715 4021 820 4074; x_wconf 83' lang='grc'>111124</span> <span class='ocrx_word' id='word_1_391' title='bbox 838 4022 866 4074; x_wconf 93' lang='lat' dir='ltr'>in</span> <span class='ocrx_word' id='word_1_392' title='bbox 886 4022 1045 4076; x_wconf 91' lang='lat' dir='ltr'>universum</span> <span class='ocrx_word' id='word_1_393' title='bbox 1063 4025 1175 4076; x_wconf 86' lang='lat' dir='ltr'>tractat.</span> 
     </span>
    </p>

    <p class='ocr_par' dir='ltr' id='par_1_6' title="bbox 250 4091 1533 4307">
     <span class='ocr_line' id='line_1_41' title="bbox 360 4091 1531 4162; baseline 0.003 -18"><span class='ocrx_word' id='word_1_394' title='bbox 360 4092 376 4161; x_wconf 72' lang='lat'>¹)</span> <span class='ocrx_word' id='word_1_395' title='bbox 395 4091 500 4146; x_wconf 86' lang='lat' dir='ltr'>Ultima</span> <span class='ocrx_word' id='word_1_396' title='bbox 517 4092 605 4146; x_wconf 90' lang='lat' dir='ltr'>verba</span> <span class='ocrx_word' id='word_1_397' title='bbox 624 4092 764 4162; x_wconf 92' lang='lat' dir='ltr'>quomodo</span> <span class='ocrx_word' id='word_1_398' title='bbox 785 4093 949 4162; x_wconf 81' lang='lat' dir='ltr'>explicanda</span> <span class='ocrx_word' id='word_1_399' title='bbox 968 4093 1031 4158; x_wconf 90' lang='lat' dir='ltr'>sint,</span> <span class='ocrx_word' id='word_1_400' title='bbox 1050 4094 1153 4148; x_wconf 86' lang='lat' dir='ltr'>nescio.</span> <span class='ocrx_word' id='word_1_401' title='bbox 1192 4093 1274 4147; x_wconf 90' lang='lat' dir='ltr'>Keilii</span> <span class='ocrx_word' id='word_1_402' title='bbox 1293 4093 1367 4147; x_wconf 92' lang='lat' dir='ltr'>enim</span> <span class='ocrx_word' id='word_1_403' title='bbox 1384 4093 1531 4147; x_wconf 85' lang='lat' dir='ltr'>adnotatio</span> 
     </span>
     <span class='ocr_line' id='line_1_42' title="bbox 250 4163 1532 4235; baseline -0.001 -17"><span class='ocrx_word' id='word_1_404' title='bbox 250 4179 350 4218; x_wconf 87' lang='lat' dir='ltr'>comm.</span> <span class='ocrx_word' id='word_1_405' title='bbox 371 4179 396 4232; x_wconf 92' lang='lat' dir='ltr'>p.</span> <span class='ocrx_word' id='word_1_406' title='bbox 412 4163 475 4216; x_wconf 84' lang='lat'>102:</span> <span class='ocrx_word' id='word_1_407' title='bbox 498 4179 577 4228; x_wconf 89' lang='lat' dir='ltr'>,narn</span> <span class='ocrx_word' id='word_1_408' title='bbox 588 4163 642 4217; x_wconf 91' lang='lat' dir='ltr'>hoc</span> <span class='ocrx_word' id='word_1_409' title='bbox 652 4163 718 4217; x_wconf 90' lang='lat' dir='ltr'>dicit</span> <span class='ocrx_word' id='word_1_410' title='bbox 727 4163 823 4228; x_wconf 82' lang='lat' dir='ltr'>Varro,</span> <span class='ocrx_word' id='word_1_411' title='bbox 841 4163 870 4218; x_wconf 93' lang='lat' dir='ltr'>in</span> <span class='ocrx_word' id='word_1_412' title='bbox 881 4165 1030 4218; x_wconf 87' lang='lat' dir='ltr'>crescendo</span> <span class='ocrx_word' id='word_1_413' title='bbox 1049 4166 1161 4235; x_wconf 88' lang='lat' dir='ltr'>potiora</span> <span class='ocrx_word' id='word_1_414' title='bbox 1173 4165 1302 4219; x_wconf 88' lang='lat' dir='ltr'>habenda</span> <span class='ocrx_word' id='word_1_415' title='bbox 1320 4179 1381 4218; x_wconf 88' lang='lat' dir='ltr'>essa</span> <span class='ocrx_word' id='word_1_416' title='bbox 1399 4181 1441 4230; x_wconf 89' lang='lat' dir='ltr'>ea,</span> <span class='ocrx_word' id='word_1_417' title='bbox 1460 4180 1532 4234; x_wconf 86' lang='lat' dir='ltr'>quae</span> 
     </span>
     <span class='ocr_line' id='line_1_43' title="bbox 252 4234 1533 4307; baseline 0 -19"><span class='ocrx_word' id='word_1_418' title='bbox 252 4234 388 4288; x_wconf 83' lang='lat' dir='ltr'>umidiore</span> <span class='ocrx_word' id='word_1_419' title='bbox 416 4250 500 4304; x_wconf 84' lang='lat' dir='ltr'>quarn</span> <span class='ocrx_word' id='word_1_420' title='bbox 528 4250 600 4305; x_wconf 89' lang='lat' dir='ltr'>quae</span> <span class='ocrx_word' id='word_1_421' title='bbox 627 4234 747 4288; x_wconf 87' lang='lat' dir='ltr'>aridiora</span> <span class='ocrx_word' id='word_1_422' title='bbox 774 4237 854 4289; x_wconf 85' lang='lat' dir='ltr'>sunt“</span> <span class='ocrx_word' id='word_1_423' title='bbox 876 4238 954 4289; x_wconf 86' lang='lat' dir='ltr'>recta</span> <span class='ocrx_word' id='word_1_424' title='bbox 982 4252 1043 4290; x_wconf 91' lang='lat' dir='ltr'>esse</span> <span class='ocrx_word' id='word_1_425' title='bbox 1067 4236 1134 4290; x_wconf 91' lang='lat' dir='ltr'>mihi</span> <span class='ocrx_word' id='word_1_426' title='bbox 1159 4253 1218 4290; x_wconf 92' lang='lat' dir='ltr'>non</span> <span class='ocrx_word' id='word_1_427' title='bbox 1241 4235 1359 4290; x_wconf 89' lang='lat' dir='ltr'>videtur.</span> <span class='ocrx_word' id='word_1_428' title='bbox 1396 4235 1533 4307; x_wconf 78' lang='lat' dir='ltr'>Exempla</span> 
     </span>
    </p>
   </div>
   <div class='ocr_carea' id='block_1_4' title="bbox 252 4304 1624 4378">
    <p class='ocr_par' dir='ltr' id='par_1_7' title="bbox 252 4304 1624 4378">
     <span class='ocr_line' id='line_1_44' title="bbox 252 4304 1624 4378; baseline 0 -18"><span class='ocrx_word' id='word_1_429' title='bbox 252 4306 333 4371; x_wconf 90' lang='lat' dir='ltr'>enim,</span> <span class='ocrx_word' id='word_1_430' title='bbox 360 4322 431 4376; x_wconf 90' lang='lat' dir='ltr'>quae</span> <span class='ocrx_word' id='word_1_431' title='bbox 456 4305 521 4359; x_wconf 87' lang='lat' dir='ltr'>ibid.</span> <span class='ocrx_word' id='word_1_432' title='bbox 540 4321 566 4374; x_wconf 89' lang='lat' dir='ltr'>p.</span> <span class='ocrx_word' id='word_1_433' title='bbox 579 4304 654 4370; x_wconf 86' lang='lat' dir='ltr'>o4,2</span> <span class='ocrx_word' id='word_1_434' title='bbox 671 4307 826 4372; x_wconf 87' lang='lat' dir='ltr'>adnotavit,</span> <span class='ocrx_word' id='word_1_435' title='bbox 851 4307 909 4360; x_wconf 88' lang='lat' dir='ltr'>alia</span> <span class='ocrx_word' id='word_1_436' title='bbox 931 4310 997 4362; x_wconf 89' lang='lat' dir='ltr'>sunt</span> <span class='ocrx_word' id='word_1_437' title='bbox 1021 4307 1114 4362; x_wconf 90' lang='lat' dir='ltr'>indole</span> <span class='ocrx_word' id='word_1_438' title='bbox 1137 4323 1230 4378; x_wconf 91' lang='lat' dir='ltr'>neque</span> <span class='ocrx_word' id='word_1_439' title='bbox 1247 4307 1312 4361; x_wconf 90' lang='lat' dir='ltr'>inde</span> <span class='ocrx_word' id='word_1_440' title='bbox 1331 4306 1479 4377; x_wconf 91' lang='lat' dir='ltr'>quicquam</span> <span class='ocrx_word' id='word_1_441' title='bbox 1497 4307 1532 4360; x_wconf 92' lang='lat' dir='ltr'>de</span> <span class='ocrx_word' id='word_1_442' title='bbox 1621 4333 1624 4338; x_wconf 91' lang='lat'>·</span> 
     </span>
    </p>
   </div>
   <div class='ocr_carea' id='block_1_5' title="bbox 250 4375 1533 4734">
    <p class='ocr_par' dir='ltr' id='par_1_8' title="bbox 250 4375 1533 4734">
     <span class='ocr_line' id='line_1_45' title="bbox 251 4375 1532 4449; baseline -0.002 -17"><span class='ocrx_word' id='word_1_443' title='bbox 251 4376 296 4432; x_wconf 88' lang='lat' dir='ltr'>his</span> <span class='ocrx_word' id='word_1_444' title='bbox 314 4378 406 4431; x_wconf 91' lang='lat' dir='ltr'>verbis</span> <span class='ocrx_word' id='word_1_445' title='bbox 425 4375 518 4446; x_wconf 82' lang='lat' dir='ltr'>colligi</span> <span class='ocrx_word' id='word_1_446' title='bbox 536 4377 639 4445; x_wconf 90' lang='lat' dir='ltr'>potest.</span> <span class='ocrx_word' id='word_1_447' title='bbox 668 4375 817 4432; x_wconf 88' lang='lat' dir='ltr'>Praeterea</span> <span class='ocrx_word' id='word_1_448' title='bbox 830 4377 905 4431; x_wconf 89' lang='lat' dir='ltr'>haud</span> <span class='ocrx_word' id='word_1_449' title='bbox 923 4379 989 4443; x_wconf 89' lang='lat' dir='ltr'>scio,</span> <span class='ocrx_word' id='word_1_450' title='bbox 1009 4395 1046 4432; x_wconf 88' lang='lat' dir='ltr'>an</span> <span class='ocrx_word' id='word_1_451' title='bbox 1064 4394 1171 4444; x_wconf 89' lang='lat' dir='ltr'>sensus,</span> <span class='ocrx_word' id='word_1_452' title='bbox 1192 4378 1239 4449; x_wconf 91' lang='lat' dir='ltr'>qui</span> <span class='ocrx_word' id='word_1_453' title='bbox 1251 4377 1333 4432; x_wconf 91' lang='lat' dir='ltr'>Keilii</span> <span class='ocrx_word' id='word_1_454' title='bbox 1345 4377 1532 4448; x_wconf 86' lang='lat' dir='ltr'>explicatione</span> 
     </span>
     <span class='ocr_line' id='line_1_46' title="bbox 252 4447 1531 4520; baseline -0.001 -16"><span class='ocrx_word' id='word_1_455' title='bbox 252 4449 383 4516; x_wconf 82' lang='lat' dir='ltr'>efficitur,</span> <span class='ocrx_word' id='word_1_456' title='bbox 409 4448 522 4502; x_wconf 92' lang='lat' dir='ltr'>omnino</span> <span class='ocrx_word' id='word_1_457' title='bbox 541 4464 599 4501; x_wconf 95' lang='lat' dir='ltr'>non</span> <span class='ocrx_word' id='word_1_458' title='bbox 618 4447 797 4503; x_wconf 87' lang='lat' dir='ltr'>desideretur.</span> <span class='ocrx_word' id='word_1_459' title='bbox 834 4447 938 4504; x_wconf 84' lang='lat' dir='ltr'>Fateor</span> <span class='ocrx_word' id='word_1_460' title='bbox 955 4466 1000 4504; x_wconf 87' lang='lat' dir='ltr'>me</span> <span class='ocrx_word' id='word_1_461' title='bbox 1017 4450 1046 4503; x_wconf 91' lang='lat' dir='ltr'>in</span> <span class='ocrx_word' id='word_1_462' title='bbox 1065 4449 1149 4504; x_wconf 91' lang='lat' dir='ltr'>dubio</span> <span class='ocrx_word' id='word_1_463' title='bbox 1169 4465 1238 4513; x_wconf 87' lang='lat' dir='ltr'>csse,</span> <span class='ocrx_word' id='word_1_464' title='bbox 1267 4465 1329 4503; x_wconf 90' lang='lat' dir='ltr'>cnm</span> <span class='ocrx_word' id='word_1_465' title='bbox 1347 4465 1439 4520; x_wconf 91' lang='lat' dir='ltr'>neque</span> <span class='ocrx_word' id='word_1_466' title='bbox 1456 4449 1531 4518; x_wconf 89' lang='lat' dir='ltr'>apud</span> 
     </span>
     <span class='ocr_line' id='line_1_47' title="bbox 251 4519 1532 4592; baseline 0 -18"><span class='ocrx_word' id='word_1_467' title='bbox 251 4520 431 4575; x_wconf 89' lang='lat' dir='ltr'>Kuehnernm</span> <span class='ocrx_word' id='word_1_468' title='bbox 456 4520 525 4588; x_wconf 83' lang='lat' dir='ltr'>(hat.</span> <span class='ocrx_word' id='word_1_469' title='bbox 546 4519 719 4573; x_wconf 87' lang='lat' dir='ltr'>Grammatik</span> <span class='ocrx_word' id='word_1_470' title='bbox 736 4519 791 4573; x_wconf 89' lang='lat'>112</span> <span class='ocrx_word' id='word_1_471' title='bbox 815 4536 841 4590; x_wconf 93' lang='lat' dir='ltr'>p.</span> <span class='ocrx_word' id='word_1_472' title='bbox 854 4521 967 4592; x_wconf 71' lang='grc'>97011.)</span> <span class='ocrx_word' id='word_1_473' title='bbox 994 4537 1086 4592; x_wconf 89' lang='lat' dir='ltr'>neque</span> <span class='ocrx_word' id='word_1_474' title='bbox 1116 4522 1192 4590; x_wconf 87' lang='lat' dir='ltr'>apud</span> <span class='ocrx_word' id='word_1_475' title='bbox 1218 4519 1455 4590; x_wconf 86' lang='lat' dir='ltr'>Krumbiegelinm</span> <span class='ocrx_word' id='word_1_476' title='bbox 1482 4519 1532 4589; x_wconf 85' lang='lat' dir='ltr'>(De</span> 
     </span>
     <span class='ocr_line' id='line_1_48' title="bbox 251 4590 1533 4663; baseline -0.002 -17"><span class='ocrx_word' id='word_1_477' title='bbox 251 4591 425 4646; x_wconf 88' lang='lat' dir='ltr'>Varroniano</span> <span class='ocrx_word' id='word_1_478' title='bbox 454 4590 590 4646; x_wconf 90' lang='lat' dir='ltr'>scribendi</span> <span class='ocrx_word' id='word_1_479' title='bbox 617 4606 720 4660; x_wconf 76' lang='lat' dir='ltr'>genere</span> <span class='ocrx_word' id='word_1_480' title='bbox 748 4592 927 4662; x_wconf 88' lang='lat' dir='ltr'>quaestiones</span> <span class='ocrx_word' id='word_1_481' title='bbox 946 4609 972 4662; x_wconf 91' lang='lat' dir='ltr'>p.</span> <span class='ocrx_word' id='word_1_482' title='bbox 986 4591 1019 4648; x_wconf 78' lang='lat'>17</span> <span class='ocrx_word' id='word_1_483' title='bbox 1029 4592 1078 4662; x_wconf 79' lang='lat' dir='ltr'>sq.)</span> <span class='ocrx_word' id='word_1_484' title='bbox 1098 4593 1247 4663; x_wconf 89' lang='lat' dir='ltr'>quicquam</span> <span class='ocrx_word' id='word_1_485' title='bbox 1264 4591 1417 4645; x_wconf 88' lang='lat' dir='ltr'>invenerim</span> <span class='ocrx_word' id='word_1_486' title='bbox 1440 4607 1533 4661; x_wconf 90' lang='lat' dir='ltr'>neque</span> 
     </span>
     <span class='ocr_line' id='line_1_49' title="bbox 250 4661 1369 4734; baseline 0 -16"><span class='ocrx_word' id='word_1_487' title='bbox 250 4663 326 4734; x_wconf 85' lang='lat' dir='ltr'>apud</span> <span class='ocrx_word' id='word_1_488' title='bbox 344 4663 499 4718; x_wconf 89' lang='lat' dir='ltr'>Varronem</span> <span class='ocrx_word' id='word_1_489' title='bbox 517 4662 605 4717; x_wconf 89' lang='lat' dir='ltr'>simile</span> <span class='ocrx_word' id='word_1_490' title='bbox 624 4661 692 4716; x_wconf 91' lang='lat' dir='ltr'>mihi</span> <span class='ocrx_word' id='word_1_491' title='bbox 711 4663 868 4718; x_wconf 86' lang='lat' dir='ltr'>occurrerit.</span> <span class='ocrx_word' id='word_1_492' title='bbox 906 4663 998 4718; x_wconf 87' lang='lat' dir='ltr'>Locus</span> <span class='ocrx_word' id='word_1_493' title='bbox 1017 4666 1092 4717; x_wconf 91' lang='lat' dir='ltr'>certe</span> <span class='ocrx_word' id='word_1_494' title='bbox 1111 4665 1156 4717; x_wconf 89' lang='lat' dir='ltr'>est</span> <span class='ocrx_word' id='word_1_495' title='bbox 1174 4663 1369 4718; x_wconf 87' lang='lat' dir='ltr'>emendandus</span> 
     </span>
    </p>
   </div>
   <div class='ocr_carea' id='block_1_6' title="bbox 0 0 1768 5342">
    <p class='ocr_par' dir='ltr' id='par_1_9' title="bbox 0 0 1768 5342">
     <span class='ocr_line' id='line_1_50' title="bbox 0 0 1768 5342; baseline 0 0"><span class='ocrx_word' id='word_1_496' title='bbox 0 0 1768 5342; x_wconf 95' lang='lat' dir='ltr'> </span> 
     </span>
    </p>
   </div>
  </div>
 </body>
</html>
