3525 5342
807 407 1030 471 „13-

276 595 360 652 tacet
382 609 507 668 prorsus
532 591 626 649 alium
648 609 682 648 se
705 593 867 667 praestans
884 592 978 664 atque
1001 591 1032 647 in
1054 591 1150 665 primo
1174 590 1258 648 libro.
1305 591 1382 650 Nam
1406 611 1474 651 cum
1498 592 1560 651 illic

277 682 427 740 eiusmodi
457 699 504 738 res
537 698 604 737 cum
636 681 743 738 Scrofa
773 680 881 746 riserit,
914 679 964 737 hic
995 698 1049 737 eas
1081 681 1226 738 exscribit
1253 681 1347 758 serio;
1382 681 1456 738 nihil
1479 683 1559 740 enim

277 772 377 845 prodit
400 788 453 846 per
475 771 575 828 iocum
597 769 673 827 haec
705 785 773 826 esse
804 769 915 843 posita.
962 767 1049 837 Quod
1072 769 1226 842 quomodo
1255 769 1466 844 explicandum
1489 788 1558 829 esse

277 877 426 926 censeam,
452 860 514 916 iam
537 875 695 932 exponam.
972 869 981 880 ·

366 948 452 1019 Quod
476 948 571 1006 Varro
603 947 725 1021 proprio
759 946 872 1004 iudicio
904 946 1026 1005 omnino
1056 963 1119 1003 non
1151 964 1228 1004 usus
1258 965 1327 1005 esec
1350 948 1478 1016 videtur,
1505 955 1559 1006 aut

277 1039 395 1106 saltem,
422 1038 449 1094 si
472 1038 529 1094 hoc
552 1036 652 1094 adhuc
684 1035 823 1109 deneges,
856 1036 938 1110 quod
969 1036 1001 1093 iu
1028 1037 1124 1110 primo
1147 1038 1268 1093 tantum
1291 1036 1368 1094 libro
1392 1037 1505 1094 iudicia
1527 1038 1558 1095 in

276 1144 374 1185 rerum
396 1126 525 1184 scientie
541 1126 645 1199 posita
667 1125 756 1182 nobis
780 1127 950 1192 occurrunt,
975 1142 1053 1192 eum,
1079 1125 1132 1199 qui
1155 1143 1180 1182 e.
1196 1142 1224 1198 g.
1241 1124 1437 1183 Columellam
1460 1127 1556 1192 novit,

276 1217 406 1273 maxime
430 1215 660 1289 obstupefacere
692 1213 781 1272 debet
811 1230 847 1269 ac
875 1213 1040 1288 quaeritur,
1074 1215 1175 1270 utrum
1206 1214 1301 1271 Varro
1333 1215 1473 1273 consulto
1497 1233 1558 1272 rem

276 1305 321 1362 ita
352 1304 518 1362 instituerit
548 1320 649 1360 necne.
696 1302 762 1360 lltsi
794 1303 926 1360 concedo
959 1320 1012 1376 pro
1048 1319 1084 1360 eo
1113 1303 1171 1359 dici
1203 1321 1297 1377 posse
1328 1321 1397 1360 eum
1420 1304 1557 1362 noluisse

276 1393 335 1451 nisi
359 1392 451 1450 libros
467 1391 583 1449 indices
607 1389 718 1467 (11,4)
742 1392 931 1449 conscribere
948 1409 1074 1466 eamque
1098 1393 1137 1449 ob
1161 1409 1223 1449 rem
1239 1393 1450 1465 supersedisse
1466 1392 1556 1450 Colu-

276 1481 383 1539 mellae
406 1481 524 1538 ratione
546 1481 594 1537 hic
618 1481 680 1539 illic
710 1479 863 1538 variorum
895 1481 1053 1555 opiniones
1077 1480 1211 1538 conferre
1235 1483 1266 1538 et
1289 1481 1430 1550 iudicare,
1456 1484 1558 1539 tamen

276 1571 334 1628 hoc
357 1587 418 1627 non
448 1570 493 1627 ita
523 1569 652 1626 multum
679 1569 770 1626 valet.
817 1569 857 1626 Ut
888 1570 967 1626 enim
997 1587 1046 1627 res
1077 1570 1123 1626 ita
1146 1587 1179 1626 se
1210 1570 1332 1638 habeat,
1360 1570 1466 1627 curin
1489 1571 1557 1645 ipso

276 1659 352 1717 libro
376 1658 471 1734 primo
495 1675 543 1716 res
577 1658 715 1715 similiter
745 1660 838 1732 atque
870 1659 952 1733 apud
981 1657 1175 1716 Columellam
1199 1661 1248 1716 est
1281 1659 1449 1716 instituta?
1495 1660 1557 1732 Ego

275 1748 351 1806 haee
374 1748 477 1822 potius
502 1765 619 1805 censeo.
655 1746 751 1804 Varro
776 1747 874 1804 omnis
899 1764 996 1804 rerum
1020 1748 1175 1815 scientiae,
1201 1749 1283 1805 sicut
1298 1748 1378 1805 infra
1401 1748 1557 1822 permultis

276 1837 353 1896 locis
377 1838 443 1894 luce
468 1837 579 1894 clarius
604 1836 771 1910 apparebit,
806 1853 932 1910 prorsus
956 1853 1065 1910 expers
1089 1840 1162 1894 erat.
1208 1837 1316 1911 ltaque
1340 1836 1377 1893 de
1401 1837 1454 1904 eis,
1480 1856 1559 1912 quae

276 1927 357 2000 apud
388 1928 530 1983 auctores
561 1926 686 1992 invenit,
711 1926 776 2000 ipse
800 1925 945 1982 iudicium
972 1925 1049 1982 ferre
1078 1926 1200 1982 omnino
1232 1941 1294 1983 non
1318 1926 1426 2000 potuit.
1473 1926 1557 1983 Unde

276 2015 380 2072 statim
404 2014 510 2080 elucet,
544 2014 643 2071 curin
673 2015 770 2088 primo
793 2016 914 2071 tantum
946 2013 1023 2071 libro
1047 2014 1192 2072 arbitrum
1216 2017 1299 2088 agat,
1325 2015 1443 2072 scilicet
1465 2032 1556 2089 prop-

275 2108 367 2170 terea,
393 2104 475 2178 quod
496 2104 532 2160 de
549 2103 726 2160 auctoribus
743 2103 890 2160 Romanis
906 2103 937 2159 in
957 2103 1037 2160 hunc
1060 2102 1170 2160 librum
1182 2105 1311 2178 receptis
1336 2103 1440 2178 procul
1464 2105 1556 2161 dubio

276 2195 347 2250 ante
382 2210 449 2249 eum
484 2192 669 2260 Tremellius
706 2192 753 2249 vir
790 2193 897 2249 harum
932 2209 1031 2249 rerum
1065 2192 1280 2266 peritissimus,
1312 2195 1432 2265 egerat,
1469 2193 1556 2250 cuius

274 2281 388 2339 iudicia
411 2298 479 2338 eum
502 2298 671 2355 usurpasse
694 2298 874 2355 persuasum
898 2281 997 2337 habeo
1021 2283 1114 2356 atque
1145 2281 1225 2337 intra
1256 2281 1395 2355 pluribus
1419 2298 1557 2356 compro-

276 2370 406 2429 babitur.
441 2369 503 2426 Iam
527 2369 738 2443 intellegimus
765 2386 827 2427 cur.
841 2369 872 2425 in
895 2369 971 2426 libro
996 2370 1129 2427 secundo
1153 2372 1184 2426 et
1205 2370 1295 2427 tertio
1311 2369 1425 2427 iudicia
1448 2370 1556 2429 desint.

275 2459 331 2516 Hic
355 2459 433 2516 enim
457 2458 615 2516 Tremellio
639 2459 699 2515 iam
722 2475 784 2516 non
808 2458 863 2514 niti
887 2459 996 2532 potuit,
1021 2459 1104 2533 quod
1127 2459 1154 2515 is
1172 2461 1292 2532 praeter
1314 2477 1362 2516 res
1387 2476 1407 2516 a
1422 2459 1556 2516 Varrone

275 2549 305 2605 in
329 2546 404 2605 libro
429 2547 524 2622 primo
547 2550 697 2604 tractatas
720 2564 782 2604 non
806 2550 909 2620 egerat
931 2547 990 2604 nisi
1011 2547 1047 2604 de
1071 2548 1177 2604 subus.
1223 2547 1309 2617 Quod
1332 2547 1412 2604 inira
1433 2549 1557 2605 uberius

276 2636 442 2694 ostendam.
499 2636 602 2710 Neque
633 2637 694 2693 iam
725 2654 786 2694 non
815 2635 964 2703 videmus,
998 2653 1050 2693 cur
1081 2636 1322 2693 Tremellius
1366 2638 1469 2694 omnia
1503 2637 1558 2693 illa

275 2725 389 2783 iudicia
419 2725 561 2800 proferat.
616 2725 806 2800 Quamquam
841 2724 877 2781 de
909 2725 1014 2782 eadem
1045 2741 1077 2780 re
1105 2725 1198 2799 paulo
1229 2725 1308 2782 infra
1341 2727 1436 2791 verba
1470 2727 1558 2782 erunt

274 2815 424 2882 iacienda,
450 2814 495 2872 ita
518 2816 554 2870 ut
576 2813 750 2871 accuratius
773 2814 849 2871 haec
873 2831 1023 2888 exponere
1046 2831 1126 2870 nunc
1150 2814 1270 2888 quidem
1294 2815 1460 2871 mittamus

387 2903 471 2973 Quae
503 2903 605 2960 omnia
636 2903 663 2960 si
693 2905 773 2960 recte
805 2902 1040 2977 disputavimus
1074 2904 1270 2960 statuendum
1305 2903 1362 2960 erit
1391 2904 1556 2960 Varronem

276 3010 477 3066 magnacum
502 2991 659 3065 diligentia
681 2991 712 3048 in
739 2993 830 3049 rebus
854 2992 979 3049 rusticis
1004 2992 1148 3050 Catonem
1171 2993 1356 3049 verbotenus
1381 2993 1556 3067 plerumque

276 3081 475 3156 exscripsisse
499 3081 671 3155 etquidem
694 3081 748 3148 ita,
773 3082 809 3136 ut
842 3081 959 3138 maiora
993 3080 1202 3138 additamenta
1221 3079 1324 3155 aliquo
1348 3081 1438 3138 modo
1462 3081 1555 3154 signi-

276 3171 383 3228 ficeret
405 3187 459 3227 nec
483 3171 646 3244 quicquam
670 3169 789 3226 auctori
820 3169 1008 3238 attribueret,
1042 3170 1123 3244 quod
1154 3186 1216 3226 non
1239 3169 1321 3243 apud
1344 3169 1424 3227 hunc
1449 3172 1555 3226 exstet.

275 3260 335 3317 Res
359 3260 445 3333 ipsas
476 3259 507 3315 in
538 3276 664 3316 examen
697 3275 758 3315 non
788 3258 922 3325 vocavit,
955 3258 1010 3316 sed
1041 3277 1079 3316 ea
1108 3257 1274 3325 transtulit,
1308 3262 1387 3332 quae
1418 3259 1449 3315 in
1472 3259 1556 3315 fonte

276 3348 401 3415 invenit,
437 3348 496 3405 nisi
530 3363 597 3404 cum
633 3346 709 3403 alter
743 3351 851 3404 auctor
883 3348 1081 3422 repugnabat
1139 3347 1225 3417 Quod
1267 3347 1294 3404 si
1328 3347 1431 3414 fiebat,
1464 3347 1555 3404 huius

276 3437 420 3494 iudicium
444 3435 585 3510 amplecti
609 3435 719 3493 solitus
744 3438 799 3493 est.

387 3525 453 3582 Hac
475 3525 595 3582 ratione
622 3528 762 3582 auctores
787 3525 964 3599 simpliciter
979 3525 1168 3582 exscribendi
1183 3525 1257 3599 quin
1272 3525 1367 3582 Varro
1391 3525 1421 3581 in
1449 3525 1556 3582 ceteris

278 3632 399 3689 quoque
422 3614 570 3672 Romanis
593 3630 670 3670 usus
694 3614 744 3682 sit,
769 3629 831 3671 non
855 3617 904 3671 est
927 3631 980 3670 cur
996 3613 1176 3671 dubitemus.
1222 3614 1256 3671 In
1280 3613 1404 3670 Graecis
1428 3614 1553 3681 accedit,

277 3703 358 3778 quod
389 3703 420 3760 in
452 3703 655 3760 convertendo
682 3702 731 3759 hic
761 3702 822 3760 illic
847 3720 937 3759 error
970 3704 1056 3760 nasci
1090 3703 1199 3776 potuit.
1255 3702 1371 3772 Quibus
1404 3702 1555 3760 erroribus

277 3791 422 3866 neglectis
446 3791 606 3865 apparebit
636 3808 689 3849 eos
721 3808 846 3865 prorsus
878 3792 983 3849 eadem
1013 3791 1131 3848 ratione
1166 3809 1235 3848 esse
1259 3791 1438 3864 exscriptos
1464 3808 1556 3866 quam

277 3883 367 3939 modo
399 3881 435 3937 de
469 3879 583 3937 (latone
614 3880 756 3946 eruimus
788 3898 888 3955 neque
914 3880 990 3937 haec
1019 3883 1067 3937 est
1096 3879 1220 3937 minima
1249 3897 1355 3945 causa,
1386 3897 1438 3937 eur
1466 3881 1502 3937 de
1525 3898 1556 3936 re

277 3969 367 4026 modo
391 3970 526 4026 tractata
548 3971 632 4026 recta
654 3987 700 4026 me
725 3969 874 4027 statuisse
898 3986 1022 4042 sperem.

388 4106 411 4190 ξ
435 4105 467 4172 3.
512 4111 574 4168 lam
597 4113 789 4168 transeamus
821 4111 860 4167 ad
896 4111 1055 4178 Sasernae,
1088 4111 1124 4168 de
1155 4111 1267 4186 quibus
1301 4110 1555 4167 Reitzensteinius

279 4201 306 4275 11.
322 4201 340 4259 1.
357 4219 384 4275 p.
402 4201 486 4278 3eq.)
519 4200 746 4274 diligentissime
777 4201 847 4273 egit,
879 4200 925 4256 ita
953 4201 989 4256 ut
1019 4216 1140 4257 summa
1165 4202 1284 4257 tantum
1315 4200 1488 4256 referamne.
1512 4231 1556 4238 —

279 4290 477 4347 Sasernarum
508 4289 575 4347 libri
606 4289 774 4363 complures
804 4306 863 4346 non
900 4291 970 4345 aute
993 4305 1106 4345 annum
1130 4306 1157 4346 a.
1175 4289 1239 4346 Chr.
1257 4307 1284 4347 n.
1305 4288 1375 4356 149,
1400 4305 1462 4345 non
1484 4290 1556 4362 post

278 4397 305 4436 e.
326 4379 387 4437 104
418 4379 454 4436 de
477 4379 573 4435 fundo
597 4379 628 4434 in
660 4378 761 4435 Gallie
792 4377 928 4435 citeriore
960 4376 1019 4434 sito
1044 4375 1090 4451 (ci.
1108 4377 1141 4434 V.
1158 4378 1170 4435 l
1190 4377 1280 4453 18‚6)
1316 4377 1476 4451 compositi
1508 4377 1554 4432 in-

279 4551 372 4604 omnia
390 4551 457 4603 item
475 4553 562 4620 atque
581 4549 651 4602 haec
668 4549 817 4602 allaturum
841 4548 928 4602 fuisse
948 4579 981 4586 -
999 4550 1095 4602 tamen
1120 4548 1215 4616 negari
1233 4564 1291 4601 non
1310 4551 1406 4618 potest
1431 4564 1465 4601 eo
1484 4548 1554 4616 ipso,

280 4622 354 4692 quod
372 4637 429 4674 vox
460 4620 621 4685 ,miracula“
642 4619 768 4673 adhibita
795 4622 846 4683 est,
866 4636 911 4672 res
938 4621 1022 4672 antea
1050 4621 1193 4689 expositas
1211 4620 1356 4684 recenseri,
1380 4619 1408 4672 id
1427 4620 1556 4689 quodne

278 4706 334 4746 uno
355 4693 465 4762 quidem
484 4708 519 4745 ex
538 4691 580 4745 his
599 4691 669 4744 locis
686 4690 729 4744 fit.
