3525 5342
814 427 1033 490 ,14-

278 609 445 667 Gentillius
470 605 498 682 ss.
514 608 532 668 l.
549 626 577 683 p.
598 607 781 685 rer-135)
803 625 866 666 una
881 626 951 665 cum
966 608 1020 677 eis,
1045 608 1098 683 qui
1121 625 1159 665 ex
1174 607 1299 666 Catonis
1315 608 1463 683 originum
1486 607 1562 666 libro

279 699 492 765 manaverrmt,
518 697 639 772 collegit
661 699 692 755 et
706 697 868 773 supplevit,
887 697 932 755 ita
947 699 982 754 ut
996 698 1054 756 hac
1074 714 1167 772 opera
1186 697 1382 772 supersedere
1397 696 1560 772 possimus,

284 787 460 862 praesertim
492 804 559 844 cum
588 786 713 844 (tatonis
744 786 846 844 libello
877 786 1008 860 perlecto
1039 786 1112 843 mihi
1144 786 1345 861 persuaserim
1372 785 1455 853 nihil,
1481 785 1562 860 quod

283 893 351 934 curu
374 875 479 950 aliqua
501 875 615 933 fiducia
637 875 677 932 ad
701 875 845 933 Catonem
867 875 969 932 referri
992 875 1100 949 possit,
1125 892 1194 933 esse
1217 875 1372 933 omissum

396 964 480 1023 0uod
503 981 575 1022 vero
599 964 678 1022 idem
702 961 764 1038 (ll
788 982 816 1039 p.
837 963 908 1031 156,
922 963 952 1041 2)
983 963 1082 1022 voluit
1103 963 1269 1021 Varronem
1298 963 1385 1039 primi
1407 963 1475 1022 libri
1499 963 1562 1020 dis-

282 1053 466 1129 positionem
489 1053 618 1110 maxime
647 1070 684 1110 ex
714 1053 829 1111 Catone
859 1052 1038 1128 sumpsisse,
1072 1053 1176 1127 negari
1206 1052 1327 1127 quidem
1350 1069 1410 1110 non
1433 1052 1504 1110 licet
1526 1052 1562 1109 de

284 1142 397 1201 eisdem
420 1144 510 1200 rebus
534 1141 593 1215 agi,
626 1143 731 1200 contra
760 1158 822 1200 non
846 1141 994 1199 affirmem
1016 1141 1161 1199 Catonem
1180 1142 1286 1216 utique
1309 1159 1377 1199 esse
1400 1143 1562 1199 auctorem.

282 1231 374 1290 Haud
397 1231 486 1288 dubie
514 1230 592 1287 enim
624 1231 714 1288 etiam
746 1230 895 1288 Sasernae
922 1233 1015 1305 atque
1045 1229 1191 1305 imprimis
1221 1230 1396 1287 Tremellius
1427 1229 1564 1287 similiter

283 1338 332 1378 res
357 1319 580 1394 disposuerant,
604 1319 649 1376 ita
671 1322 706 1377 ut
728 1320 784 1377 hos
812 1336 934 1394 quoque
956 1319 1051 1376 Varro
1080 1319 1168 1393 sequi
1198 1319 1336 1393 potuerit
1381 1318 1450 1378 Non
1472 1319 1564 1392 igitur

279 1409 391 1477 dicam,
424 1407 505 1484 quod
536 1407 698 1466 Gentillius
729 1410 840 1476 censet,
873 1425 943 1466 esse
973 1408 1094 1476 falsum,
1127 1408 1182 1465 sed
1211 1425 1349 1467 moneam
1371 1409 1500 1476 tantum,
1524 1425 1563 1465 ne

283 1497 352 1574 plus
377 1514 430 1571 pro
454 1499 536 1555 certo
559 1513 718 1571 ponamus,
744 1514 835 1572 quam
859 1496 948 1555 certis
973 1496 1157 1571 argumentis
1181 1497 1383 1554 confirmatur.

396 1635 418 1720 fi
442 1635 474 1702 2.
519 1637 604 1710 Quae
637 1656 705 1696 cum
739 1639 785 1696 ita
814 1625 885 1706 siht,
917 1656 978 1697 non
1008 1641 1107 1697 restat
1136 1639 1196 1698 nisi
1225 1641 1262 1696 ut
1288 1642 1472 1707 statuamus,
1502 1657 1564 1714 qua

284 1728 402 1787 ratione
425 1727 522 1786 Varro
547 1727 691 1786 catonem
714 1726 916 1803 exscripserit.
961 1727 1055 1786 Nemo
1072 1728 1151 1787 enim
1174 1746 1236 1787 non
1258 1728 1351 1797 videt,
1377 1730 1563 1804 quantopere

284 1819 475 1892 perspectum
506 1817 536 1875 id
566 1817 676 1874 habere
707 1816 773 1875 eius
803 1817 932 1885 intersit,
969 1817 1021 1892 qui
1052 1817 1215 1875 diiudicare
1241 1817 1316 1886 vult,
1343 1819 1444 1874 utrum
1466 1816 1562 1874 Varro

279 1906 433 1980 quaedam
457 1923 494 1963 ex
516 1905 652 1964 fontibus
680 1905 784 1980 primis
808 1924 848 1964 au
872 1906 967 1964 altero
991 1907 1116 1964 auctore
1139 1905 1283 1964 hauserit
1329 1905 1426 1976 Quam
1446 1905 1564 1963 adrem

285 1994 411 2053 Catonis
434 1996 529 2052 verba
551 1994 714 2068 aptissima
736 1997 809 2052 sunt
831 1997 998 2069 propterea,
1024 1994 1106 2069 quod
1129 1995 1199 2053 sola
1225 2012 1263 2052 ex
1286 1995 1408 2070 scriptis
1440 1994 1563 2053 rusticis

284 2086 355 2142 ante
377 2084 542 2142 Varronem
566 2101 586 2140 a
608 2083 754 2142 Romanis
779 2083 956 2159 compositis
973 2085 1097 2141 exstant
1119 2101 1175 2141 nec
1198 2084 1330 2142 dubitari
1353 2086 1464 2158 potest,
1490 2084 1564 2159 quin

278 2171 380 2230 'Varro
408 2189 445 2230 ea
467 2172 537 2247 ipsa
559 2171 673 2246 legerit
719 2171 882 2246 lucipimus
906 2190 926 2230 a
947 2172 1034 2241 locis,
1064 2172 1177 2247 quibus
1204 2172 1279 2231 (fato
1303 2191 1323 2231 a
1344 2173 1480 2231 Varrone
1510 2189 1563 2231 ex-

278 2261 400 2336 pressis
423 2261 525 2319 verbis
556 2263 664 2319 auctor
691 2260 843 2319 laudatur.
889 2260 1005 2336 Eligam
1028 2261 1110 2330 123,
1126 2263 1209 2336 leq..
1246 2278 1306 2336 quo
1337 2261 1405 2320 loco
1437 2260 1563 2319 (fatonis

286 2351 380 2424 caput
394 2349 435 2407 Vl
466 2349 651 2424 exscriptum
682 2352 737 2419 est,
771 2368 838 2407 eam
869 2352 909 2409 ob
940 2368 1075 2418 causam,
1109 2350 1191 2424 quod
1220 2349 1263 2408 ibi
1293 2367 1398 2408 omnes
1428 2351 1563 2409 rationes

278 2440 442 2516 apparent,
474 2438 585 2514 quibus
608 2439 714 2507 Varro,
747 2456 814 2497 cum
846 2437 991 2497 Catonem
1021 2439 1201 2497 nominatim
1228 2438 1375 2508 adhibuit,
1408 2456 1484 2496 usus
1508 2441 1563 2498 est.

952 2563 1047 2632 Stolo,
1072 2563 1160 2634 Quod
1176 2564 1215 2621 ad
1238 2564 1313 2621 haec
1333 2563 1471 2638 pertinet,
1489 2563 1564 2621 Gato

331 2651 420 2710 Gato:
443 2652 556 2726 Agrum
581 2650 692 2728 quibus
720 2651 795 2710 locis
823 2669 898 2711 con·
952 2670 1014 2711 non
1045 2652 1133 2721 male,
1163 2654 1245 2728 quod
1273 2653 1379 2711 scribit
1406 2653 1443 2710 de
1467 2652 1564 2710 satio·

280 2757 381 2807 seras,
414 2741 459 2798 sic
494 2741 651 2798 observari
682 2743 810 2816 oportet.
845 2742 898 2800 ubi
952 2742 1052 2810 nibus,

286 2847 359 2904 ager
389 2846 513 2887 crassus
548 2832 579 2887 et
611 2829 712 2888 laetus
748 2833 794 2888 est
833 2831 899 2889 sine
952 2848 1024 2905 ager
1046 2848 1170 2889 crassus
1194 2833 1226 2888 et
1248 2830 1348 2889 laetus
1372 2831 1400 2888 si
1427 2830 1469 2888 sit
1499 2830 1564 2888 sine

287 2918 456 2988 arboribus,
471 2935 538 2976 eum
549 2936 654 2993 agrum
668 2919 899 2977 frumentarium
953 2920 1122 2989 arboribus,
1136 2937 1205 2978 eum
1217 2937 1322 2994 agmm
1335 2919 1564 2978 frumentarium

282 3025 356 3066 esse
384 3009 515 3082 oportet;
546 3007 624 3066 idem
653 3024 725 3082 ager
747 3008 775 3066 si
802 3010 898 3067 nebu·
952 3009 1019 3066 fieri
1042 3011 1193 3084 oportere3
1216 3009 1295 3067 idem
1322 3026 1394 3082 ager
1415 3009 1443 3066 si
1468 3009 1564 3066 nebu-

286 3096 373 3155 losus
397 3098 453 3166 est,
478 3112 562 3172 rapa,
584 3097 749 3172 raphanos,
774 3097 897 3166 milium,
952 3097 1039 3156 losus
1063 3098 1112 3166 sit,
1138 3115 1221 3172 rapa,
1245 3098 1410 3172 raphanos,
1439 3096 1561 3163 milium,

284 3185 436 3262 panicum,
469 3185 500 3242 id
527 3185 657 3243 maxime
680 3186 739 3244 seri
770 3188 899 3260 oportet.
952 3185 1106 3261 panicum;

286 3275 318 3332 in
341 3290 414 3346 agro
431 3291 536 3332 crasso
561 3276 591 3332 et
606 3275 694 3333 caldo
711 3274 809 3334 oleam
825 3292 899 3332 con·
956 3273 1006 3334 24.
1030 3274 1062 3332 in
1084 3293 1158 3349 agro
1175 3292 1281 3334 crasso
1305 3277 1336 3333 et
1350 3274 1449 3333 calido
1467 3273 1565 3332 oleam

288 3362 424 3431 ditivam,
448 3362 567 3420 radium
583 3363 735 3433 maiorem,
760 3363 899 3423 sallenti-
954 3364 1176 3432 conditaneam,
1201 3364 1319 3422 radium
1334 3364 1478 3422 maiorem
1502 3363 1564 3421 sal-

286 3469 367 3520 uam,
393 3452 525 3521 orcitem,
551 3469 686 3526 poscam,
716 3453 897 3528 sergianam,
952 3452 1107 3522 lentinam,
1132 3453 1264 3520 orcitem,
1300 3469 1435 3529 poseam,
1471 3452 1565 3526 sergi·

284 3539 514 3609 colminianam,
574 3541 748 3611 albicerem‚
807 3559 899 3617 quam
954 3558 1053 3611 anam,
1079 3541 1260 3610 colminiam,
1277 3542 1445 3609 albiceram,
1474 3557 1565 3617 quam

286 3646 391 3687 earum
415 3629 446 3686 iu
469 3629 508 3686 iis
530 3628 608 3688 locis
631 3629 776 3704 optimam
800 3631 901 3688 dicent
955 3647 1059 3689 earum
1074 3630 1105 3687 in
1128 3630 1166 3689 iis
1189 3630 1266 3689 locis
1291 3630 1436 3705 optimam
1464 3629 1566 3687 dicant

288 3736 366 3787 esse,
384 3735 452 3776 eam
463 3718 592 3776 maxime
608 3719 710 3777 serito.
733 3720 792 3779 hoc
803 3736 900 3794 genus
954 3737 1033 3787 esse,
1058 3737 1124 3777 eam
1147 3719 1277 3777 maxime
1301 3736 1406 3778 serere.

285 3807 374 3866 oleae
404 3807 436 3864 in
458 3805 539 3864 XXV
562 3810 618 3865 aut
646 3808 678 3866 in
699 3807 780 3867 XXX
807 3808 900 3884 pedes

288 3895 448 3954 conserite.

287 3984 318 4044 2.
349 4001 421 4058 ager
451 3984 533 4043 cleto
556 3986 756 4055 conserundo,
789 3986 842 4061 qui
869 3986 901 4044 in
955 4003 1060 4061 agrum
1084 3985 1197 4044 oliveto
1213 3985 1409 4055 conserendo,
1430 3985 1491 4044 nisi
1514 3985 1566 4060 qui

288 4074 412 4131 ventum
436 4073 593 4132 favonium
614 4075 766 4149 spectabit
789 4077 819 4133 et
842 4075 901 4133 soli
954 4076 986 4133 iu
1001 4077 1126 4133 ventum
1144 4074 1303 4134 favonium
1319 4076 1436 4149 spectet
1460 4076 1490 4132 et
1508 4073 1567 4131 soli

288 4164 430 4220 ostentus
461 4163 526 4232 erit,
559 4162 639 4222 alius
670 4165 770 4222 bonus
798 4163 901 4222 nullus
956 4166 1097 4223 ostentus
1121 4164 1171 4232 sit,
1196 4163 1289 4222 alium
1312 4164 1426 4222 bonum
1450 4162 1566 4220 nullum

287 4250 353 4308 erit
377 4251 429 4326 qui
459 4268 530 4325 ager
557 4251 695 4325 frigidior
721 4254 752 4310 et
774 4251 903 4310 macrior
956 4270 1032 4312 esse.
1060 4253 1090 4311 2.
1109 4253 1162 4328 qui
1184 4269 1257 4326 ager
1270 4252 1407 4325 frigidior
1430 4254 1461 4310 et
1482 4268 1566 4309 mac-

290 4339 355 4408 erit,
390 4339 433 4398 ibi
479 4340 576 4399 oleam
621 4341 794 4399 licinianam
841 4341 903 4399 seri
955 4342 1017 4401 rior
1039 4342 1088 4410 sit,
1120 4342 1163 4400 ibi
1186 4341 1285 4400 oleam
1309 4341 1484 4399 licinianam
1507 4340 1566 4398 seri

288 4430 417 4504 oportet.
441 4429 468 4486 si
484 4429 516 4486 in
531 4429 600 4488 loco
617 4446 723 4488 crasso
740 4432 795 4487 aut
813 4429 901 4488 caldo
956 4433 1101 4505 oportere.
1118 4431 1145 4489 si
1157 4431 1188 4487 in
1201 4430 1269 4489 loco
1282 4447 1387 4488 crasso
1400 4432 1455 4488 aut
1466 4428 1566 4487 calido

290 4517 413 4585 severis
438 4517 548 4576 hostus
571 4534 764 4593 nequaquam
792 4518 849 4576 erit
871 4521 903 4576 et
956 4520 1104 4595 posueris,
1133 4521 1257 4578 hostum
1280 4535 1474 4595 nequaquam
1501 4517 1567 4576 fieri

287 4606 415 4667 ferundo
454 4608 543 4665 arbor
577 4607 686 4682 peribit
716 4609 747 4664 et
777 4624 901 4666 muscus
956 4610 987 4666 et
1018 4604 1065 4688 [ei]
1095 4608 1219 4667 ferendo
1250 4609 1387 4667 arborem
1410 4606 1506 4682 perire
1536 4608 1568 4666 et

289 4696 379 4754 ruber
401 4694 548 4753 molestus
571 4695 635 4753 erit
955 4714 1093 4755 muscum
1115 4698 1238 4756 rubrum
1260 4697 1421 4756 molestum
1444 4713 1521 4756 esse.
