3525 5342
1286 225 1538 323 scitscit*

1259 308 1296 365 fx
1376 310 1410 348 0⁵
1421 306 1481 342 rw.

739 413 778 422 —
829 374 870 438 27
916 412 961 420 -
1250 352 1332 438 (λ
1493 376 1510 431 .’
1549 378 1551 381 ’

209 561 245 616 ut
281 576 443 616 muscae
474 557 718 632 ligurriunt‚
753 574 813 632 quo
844 574 933 615 nemo
962 557 1018 614 bas
1049 556 1141 623 videt,
1176 559 1211 614 ut
1233 539 1547 623 illasin‘s‘cannlt'

210 650 280 705 aut
303 647 503 720 sanguine
528 649 598 703 aut
621 646 748 721 adipe.
783 645 851 703 ideo
875 645 1162 703 modotconsidunt
1183 645 1215 702 in
1237 637 1328 729 (eis),
1361 663 1492 721 quorum

210 753 303 812 sapor
325 730 453 793 dulcis“.

320 826 354 882 A.
371 825 399 882 b.
417 843 443 882 a.
461 823 560 892 6260.
573 824 628 881 24:
659 819 713 882 καὶ
735 817 829 882 τᾶλλα
854 819 889 882 δὲ
916 819 1209 899 καύαριώτατόν
1232 820 1307 883 ἐστι
1336 819 1372 882 τὸ
1395 821 1494 901 ζῷον.

210 912 318 989 (Ignoti
343 913 477 973 auctoris
500 912 545 990 D).

320 1002 391 1060 ibid.
417 1000 582 1070 596b,15:
606 999 626 1079 ἡ
651 997 686 1060 δὲ
707 998 830 1079 μέλιττα
854 997 957 1078 μόνον
979 995 1062 1078 πρὸς
1085 996 1180 1060 οὐδὲν
1202 998 1344 1079 προσίζει
1367 996 1495 1078 σαπρὸν

209 1087 285 1151 οὐδὲ
308 1095 420 1170 χρῆται
441 1092 546 1170 τροφῇ
569 1087 704 1170 οὐδεμιᾷ
727 1087 792 1148 ἀλλ’
817 1089 836 1168 ἢ
859 1093 898 1168 τῇ
922 1085 1039 1166 γλυκὺν
1062 1086 1179 1168 ἐχούσῃ
1203 1086 1317 1168 χυμόν.

276 1246 281 1260 .
322 1181 393 1238 ibid.
418 1179 516 1247 saca,
529 1179 583 1236 26:
620 1175 861 1258 δυσχεραίνουσι
885 1174 914 1237 δ’
931 1175 1041 1255 ὥσπερ
1071 1177 1189 1257 εἴρηται
1218 1181 1285 1244 ταῖς
1315 1174 1493 1238 ὅσσώὸεσιν

209 1266 324 1348 ὀσμαῖς
346 1265 400 1328 καλ
422 1272 487 1335 ταῖς
505 1270 569 1327 τῶν
584 1265 708 1347 μύρων.
733 1263 782 1327 ab
806 1263 955 1333 καὶτοὺς
977 1265 1167 1346 χρωμένους
1189 1263 1295 1334 αὐτοῖς
1317 1264 1495 1327 τύπτουσιν,

320 1357 391 1416 ibid.
417 1357 514 1425 6251),
526 1357 581 1414 20:
604 1352 688 1433 πρὸς
710 1354 814 1434 σάρκα
839 1352 867 1415 δ’
881 1352 1018 1422 ούύενός
1040 1353 1161 1426 καόίζει
1184 1352 1267 1416 οὐδ’
1291 1352 1495 1435 ὃψοφαγεῖ.

211 1445 257 1522 (Hi
281 1446 341 1505 loci
364 1449 436 1504 sunt
459 1445 677 1522 Theophrasti).

322 1535 466 1593 Varronis
490 1536 584 1592 verba
607 1535 666 1592 etsi
689 1534 821 1592 cumbis
845 1534 876 1590 in
899 1533 1055 1591 nonnullis
1078 1535 1168 1591 rebus
1185 1535 1365 1606 congruunt,
1389 1535 1491 1590 tamen

210 1624 305 1682 multo
322 1625 418 1682 artius
443 1624 605 1681 cohaerent
620 1640 688 1681 cum
708 1624 762 1692 eis
788 1640 867 1698 quae
891 1622 1031 1696 leguntur
1053 1640 1138 1696 geop.
1154 1622 1209 1679 XV
1225 1623 1286 1691 3,4
1311 1620 1357 1699 (ci.
1382 1640 1410 1696 p.
1428 1620 1490 1698 73),

210 1715 245 1770 ut
269 1714 397 1770 alterum
420 1713 520 1770 locum
549 1713 675 1770 alterius
699 1713 789 1788 quasi
820 1730 889 1770 esse
912 1711 1083 1769 versionem
1115 1715 1263 1786 appareat
1293 1713 1420 1786 excepto
1445 1728 1494 1778 eo,

211 1803 292 1876 quod
323 1802 513 1876 geopouicon
545 1805 652 1859 auctor
684 1802 766 1859 sicut
787 1800 969 1858 Aristoteles
994 1800 1092 1867 5961),
1106 1799 1144 1858 15
1169 1818 1230 1858 non
1258 1800 1295 1857 de
1318 1800 1405 1867 locis
1438 1800 1492 1857 sed

210 1891 360 1948 derebus
384 1891 552 1965 inquinatis
583 1891 678 1948 verba
707 1891 791 1959 iacit,
825 1890 907 1964 quod
938 1889 1034 1946 multo
1065 1889 1178 1947 rectius
1202 1906 1294 1964 quam
1317 1888 1414 1946 Varro
1437 1906 1495 1962 pro

213 1975 320 2058 „ideo“
347 1996 408 2038 non
431 1979 588 2054 posuit,
620 1981 656 2036 ut
684 1979 821 2054 equidem
852 1978 926 2036 mihi
956 1979 1104 2052 persuasi,
1137 1978 1192 2036 sed
1224 1977 1493 2036 conservavit

210 2065 296 2136 ἀλλά,
332 2069 413 2142 quod
442 2069 570 2143 denique
593 2068 738 2126 Varronis
762 2069 857 2125 verba
883 2084 999 2145 „neque
1024 2067 1115 2124 etiam
1137 2067 1170 2124 in
1193 2083 1229 2125 eo
1331 2062 1490 2140 pungunt“

209 2159 241 2213 in
263 2157 439 2232 geoponicis
463 2174 524 2215 non
547 2157 695 2231 leguntur.
741 2156 898 2226 Quomodo
922 2157 979 2215 hoo
1003 2159 1051 2213 est
1073 2155 1306 2230 explicandum?
1352 2155 1384 2212 Si
1407 2155 1492 2229 prius

210 2247 380 2320 geopouica
411 2246 599 2320 inspicimus,
636 2245 722 2302 nulla
752 2264 783 2303 re
814 2245 1004 2313 offendimur,
1042 2263 1110 2302 cum
1143 2245 1245 2302 omnia
1277 2246 1357 2302 bono
1389 2243 1496 2301 ordine

210 2336 409 2410 proferantur.
456 2334 569 2392 Contra
592 2335 674 2409 apud
698 2334 864 2392 Varronem
895 2351 983 2392 nemo
1014 2351 1076 2391 uon
1106 2334 1190 2390 videt
1223 2351 1260 2390 ea
1289 2333 1359 2407 ipsa
1388 2333 1491 2400 verba,

211 2441 290 2499 quae
321 2425 352 2480 in
382 2424 558 2498 geoponicis
590 2424 708 2491 desunt,
740 2423 800 2480 huc
830 2423 910 2480 male
941 2423 1100 2496 quadrare,
1133 2440 1201 2479 cum
1232 2422 1271 2490 id,
1305 2422 1386 2496 quod
1416 2421 1495 2479 locis

210 2515 292 2570 bona
311 2516 469 2587 unguenta
484 2513 637 2570 olentibus
662 2531 735 2587 apes
759 2529 819 2570 non
844 2511 999 2571 considere
1016 2510 1156 2568 dicuntur
1178 2544 1223 2553 —
1246 2512 1329 2586 quod
1350 2506 1495 2586 falsum1t

209 2602 334 2676 insuper
357 2619 425 2659 esse
440 2602 636 2659 manifestum
659 2605 716 2670 est,
742 2619 809 2658 cum
833 2619 908 2676 apes
931 2600 1017 2658 velut
1039 2617 1077 2658 ex
1091 2601 1213 2674 jasmini
1232 2600 1361 2657 floribus
1385 2599 1492 2656 sedulo

210 2691 269 2748 mel
292 2690 438 2764 colligant
461 2725 501 2732 —-
526 2690 601 2747 nihil
625 2691 747 2748 omnino
764 2690 915 2765 pertineat
937 2689 976 2747 ad
1001 2706 1104 2746 earum
1127 2689 1316 2746 munditiam.
1349 2688 1497 2762 Suspicor

210 2779 302 2854 igitur
324 2779 399 2837 haec
422 2781 524 2846 verba,
551 2796 630 2854 quae
653 2779 758 2837 miram
781 2797 843 2836 rem
867 2779 1006 2836 exhibere
1023 2780 1053 2835 et
1068 2780 1153 2853 patet
1169 2781 1199 2836 et
1213 2778 1283 2835 iude
1298 2777 1490 2850 intellegitur,

211 2869 292 2942 quod
317 2870 443 2925 eandem
474 2886 536 2926 rem
567 2869 694 2942 legimus
727 2868 808 2941 apud
831 2866 1173 2925 Pseudo-Aristotelem
1205 2867 1268 2925 mir.
1293 2866 1422 2924 auscult.
1439 2865 1493 2931 21,

212 2974 280 3016 esse
310 2957 491 3032 interposita
522 2958 554 3014 in
589 2975 657 3014 eum
692 2957 911 3015 sententiarum
947 2973 1104 3024 conexum,
1142 2955 1194 3031 qui
1227 2973 1308 3012 nuuc
1341 2956 1430 3013 etiam
1462 2955 1493 3010 iu

212 3046 388 3121 geoponicis
412 3048 522 3104 exstat.
570 3046 655 3114 Quod
678 3045 929 3103 verisimillimum
951 3045 997 3112 fit,
1030 3062 1068 3102 ne
1098 3045 1197 3102 dicam
1226 3045 1423 3102 confirmatur
1446 3060 1491 3109 eo,

212 3135 293 3210 quod
307 3137 468 3198 verborum
493 3131 652 3194 ὀυσώὸων
676 3137 706 3192 et
729 3131 926 3213 ἀκαθάρτων
949 3134 1023 3192 ordo
1044 3135 1125 3208 apud
1141 3133 1306 3191 Varronem
1322 3134 1370 3190 est
1384 3133 1496 3189 immu-

131 3281 135 3290 ,
211 3226 305 3281 tatus.
344 3224 410 3281 Etsi
434 3224 512 3281 enim
528 3224 585 3283 hoc
609 3224 700 3281 etiam
724 3224 835 3281 alicubi
859 3222 997 3297 similiter
1016 3223 1132 3280 iactum
1156 3225 1205 3279 est
1224 3219 1270 3297 (ci.
1288 3240 1311 3279 e.
1328 3239 1355 3295 g.
1371 3221 1390 3278 l.
1411 3216 1492 3296 1⁰²l³

211 3330 309 3387 parva
336 3313 423 3370 varia
453 3314 597 3370 rotunda:
627 3310 727 3390 μικρά
750 3308 924 3390 στρογγύλη
948 3307 1084 3390 ποικίλη)
1115 3312 1218 3368 tamen
1248 3311 1297 3366 bic
1323 3304 1491 3389 „Varro“³)

212 3419 280 3459 eum
301 3402 440 3459 consulto
456 3401 636 3458 immutasse
652 3402 780 3469 videtur,
805 3403 840 3457 ut
864 3401 904 3456 ad
930 3400 1027 3478 „male
1051 3394 1152 3456 oleat“
1179 3399 1366 3457 commodius
1383 3397 1495 3454 adiun-

212 3492 295 3564 geret
320 3491 423 3569 „bona
446 3485 537 3548 olet“.
583 3490 668 3547 Duae
691 3490 783 3565 igitur
814 3492 887 3547 sunt
918 3505 1040 3556 causae,
1073 3505 1126 3544 cur
1147 3488 1224 3545 haec
1246 3489 1340 3545 verba
1371 3486 1492 3543 aliunde

213 3579 372 3636 interiecta
404 3597 472 3636 esse
505 3582 656 3653 putemus,
694 3597 753 3654 quo
785 3578 911 3646 accedit,
948 3577 1030 3652 quod
1062 3593 1124 3634 non
1153 3576 1402 3650 intellegeremus
1440 3593 1494 3632 cur

212 3669 400 3742 geoponioon
431 3671 539 3726 auctor
569 3668 622 3725 illa
651 3669 745 3725 verba
776 3668 935 3733 omitteret,
969 3666 996 3723 si
1018 3666 1182 3723 Varronem
1214 3665 1425 3739 expressisset.
1449 3698 1494 3705 -

213 3757 296 3827 Quae
320 3757 423 3814 omnia
446 3757 473 3813 si
495 3757 667 3830 probabilia
690 3759 772 3823 sunt,
796 3774 860 3814 una
883 3755 1023 3823 eflicitur,
1048 3757 1084 3811 ut
1105 3755 1296 3829 geoponicon
1318 3755 1412 3812 verba
1434 3753 1493 3810 hoc

212 3844 280 3903 loco
296 3845 416 3902 minime
433 3863 469 3902 ex
487 3845 619 3903 Varrone
633 3846 786 3913 fluxerint,
812 3845 953 3920 quamvis
970 3844 1062 3901 huius
1086 3843 1198 3906 similia
1221 3844 1292 3910 sint,
1318 3843 1372 3900 sed
1388 3843 1495 3917 potius

212 3934 330 4007 integra
361 3934 484 3991 alterius
516 3953 552 3992 ex
583 3934 729 4002 fontibus,
763 3951 851 4009 quem
874 3935 902 3990 is
925 3933 974 3990 hic
1006 3934 1097 3990 etiam
1126 3932 1283 4007 expressit,
1317 3932 1410 3990 verba
1440 3948 1495 3988 ex-

212 4023 338 4080 hibeant
361 4021 407 4098 (cf.
432 4041 460 4097 p.
476 4023 518 4080 45
544 4023 645 4080 adnot.
664 4023 692 4091 2,
719 4041 746 4097 p.
765 4023 802 4080 71
831 4023 933 4080 adnot.
953 4021 989 4099 1).

324 4112 353 4169 2.
380 4113 411 4168 V.
429 4112 500 4170 ibid.
518 4112 550 4168 7:
585 4112 724 4189 „minime
747 4112 895 4179 malefica,
927 4111 1009 4186 quod
1031 4109 1172 4167 nullius
1196 4127 1288 4184 opus
1311 4109 1492 4168 vellicans

212 4200 306 4257 iacit
329 4201 504 4269 deterius,
531 4218 645 4275 neque
668 4200 818 4274 ignava,
843 4203 970 4267 utnon,
997 4199 1049 4274 qui
1073 4199 1139 4256 eius
1163 4201 1288 4257 conetur
1311 4199 1493 4264 disturbare.

212 4289 371 4357 resistat“;
396 4289 431 4346 cl.
456 4306 541 4363 geop.
557 4289 611 4346 XV
627 4289 656 4357 3,
668 4289 695 4346 5.

320 4513 339 4616 ζ)
358 4514 393 4568 ci.
413 4529 493 4583 geop.
506 4513 557 4567 XV
569 4513 645 4578 2,38.

322 4586 340 4724 θλ
359 4585 576 4720 &suffimen
594 4654 736 4724 significat
754 4671 788 4709 ac
808 4655 912 4718 „Varro
931 4657 981 4707 aut
999 4657 1099 4708 auctor
1117 4655 1201 4708 eius“.
