3525 5342
808 417 1031 481 -20-

277 599 440 657 Exorditus
476 599 554 668 inde,
592 599 674 674 quod
712 599 888 657 Tremellius
923 602 1004 658 certe
1046 603 1117 658 ante
1150 600 1316 660 Varronem
1351 603 1474 678 scripsit
1512 601 1563 680 (cf.

278 687 477 756 001.11‚12;
508 687 584 747 Plin.
600 687 682 745 XVII
702 688 780 756 199;
812 688 848 746 cf.
872 689 1018 762 imprimis
1041 689 1130 767 inira)
1155 692 1249 766 atque
1271 691 1349 759 inde,
1376 694 1457 768 quod
1480 693 1559 750 idem

276 780 339 834 tam
362 777 567 851 praecipuum·
590 777 621 834 in
652 776 748 851 primo
780 779 811 834 et
838 778 972 836 secundo
1003 777 1080 836 libro
1114 780 1232 837 obtinet
1261 779 1371 846 locum,
1398 782 1464 838 eius
1486 799 1564 840 voro·

277 865 377 941 operis
401 867 481 939 apud
504 865 669 924 Varronem
693 865 778 923 nulla
799 866 837 923 iit
859 867 981 933 mentio,
1006 868 1087 925 banc
1109 868 1210 942 ipsam
1232 878 1294 926 rem
1317 869 1362 927 ita
1385 870 1557 945 explicavit,

277 956 312 1012 ut
335 955 448 1011 diceret
471 952 498 1029 (l.
515 953 532 1012 l.
550 972 577 1029 p.
594 953 670 1031 434)
697 955 899 1035 „mentionem
923 956 989 1013 eius
1013 973 1068 1014 cur
1088 956 1234 1014 vitaverit
1256 957 1362 1025 Varro,
1387 977 1421 1016 se
1444 959 1558 1017 nullam

276 1043 377 1101 videre
401 1060 535 1110 causam,
568 1043 627 1100 nisi
659 1045 739 1118 quod
763 1043 940 1102 Tremellius
971 1063 1007 1102 eo
1038 1048 1182 1120 tempore,
1208 1064 1269 1121 quo
1300 1047 1440 1121 dialogos
1463 1048 1563 1122 primo

277 1136 307 1190 et
330 1132 426 1189 altero
450 1131 526 1190 libro
550 1134 691 1190 narratos
714 1133 838 1190 habitos
863 1151 932 1191 esse
955 1134 1062 1208 tingat,
1087 1135 1196 1193 librum
1220 1153 1309 1193 suum
1330 1137 1463 1194 nondum
1486 1154 1560 1194 con-

278 1215 461 1295 scripserit“.
507 1219 588 1277 Libri
620 1224 722 1278 autem
754 1222 881 1280 alterius
913 1223 1053 1297 dialogus
1083 1240 1151 1280 cum
1181 1224 1213 1281 in
1236 1241 1317 1282 anno
1346 1224 1559 1284 1101111167

278 1307 323 1385 (of.
347 1309 381 1366 V.
398 1309 423 1366 Il
446 1308 538 1384 praei.
556 1308 596 1385 6),
614 1309 681 1368 libri
697 1311 784 1385 primi
800 1313 872 1385 post
889 1311 930 1368 59
956 1309 1002 1386 (ct.
1026 1312 1061 1369 V.
1078 1311 1091 1368 Ι
1110 1314 1139 1379 2,
1153 1310 1202 1389 10)
1226 1316 1367 1387 ponatur,
1384 1315 1458 1388 post
1479 1315 1560 1372 hunc

214 1471 217 1478 Ι
277 1415 390 1456 annum
421 1400 452 1455 et
481 1398 621 1456 nimirum
652 1402 724 1457 ante
747 1417 775 1457 a.
792 1399 843 1467 37,
870 1417 931 1474 quo
955 1399 1051 1459 Varro
1075 1401 1132 1458 bos
1156 1401 1250 1458 libros
1274 1407 1489 1477 composuerat
1513 1401 1559 1478 (ci.

277 1487 310 1565 V.
327 1487 340 1543 Ι
359 1486 427 1562 1,1)
452 1486 641 1545 Tremellium
665 1505 742 1561 opus
760 1505 850 1545 suum
867 1489 1086 1562 conscripsisse
1103 1491 1247 1564 sequitur.
1279 1490 1362 1548 Haec
1385 1492 1566 1550 coniectura.

277 1592 458 1650 magnopere
482 1575 554 1634 mibi
578 1576 697 1645 arridet,
729 1578 906 1652 praesertim
935 1595 1002 1635 cum
1033 1596 1072 1636 ne
1104 1596 1201 1637 causa
1224 1580 1353 1654 quidem,
1388 1597 1441 1638 cur
1463 1581 1565 1639 Varro·

277 1665 322 1722 ita
349 1682 410 1722 rem
441 1664 615 1732 instituerit,
648 1667 810 1739 perspicua
833 1683 892 1724 non
929 1668 977 1725 sit
1032 1667 1251 1725 Sollertissima
1285 1669 1363 1726 enim
1401 1670 1477 1727 haec
1511 1673 1561 1728 est

276 1753 356 1811 ratio
380 1753 540 1811 adhibendi
566 1756 729 1822 auctorem,
755 1755 807 1830 qui
830 1754 924 1829 paulo
948 1758 1019 1812 ante
1042 1756 1151 1814 librum
1175 1757 1277 1824 edidit,
1304 1775 1372 1815 cum
1387 1759 1446 1816 boc
1468 1760 1564 1817 modo·

278 1843 372 1900 Varro
407 1842 572 1917 impediret,
605 1860 643 1901 ne
674 1843 743 1918 quis
775 1843 964 1902 Tremellium
995 1862 1015 1901 a
1042 1863 1075 1902 ss
1107 1863 1177 1903 esse
1208 1847 1407 1921 epitomatum
1439 1848 1563 1905 diceret

277 1931 369 1990 Immo
394 1931 516 1989 uberius
541 1949 609 1989 sum
633 1932 796 2007 exprimere
819 1934 922 2007 potuit
943 1933 1063 2006 fingens
1087 1934 1202 2002 eadem,
1228 1953 1307 2010 quae
1328 1936 1504 1994 Tremellius
1527 1937 1563 1994 in·

278 2038 367 2094 opere
388 2021 489 2095 ipsius
514 2021 687 2095 proferebat
703 2039 841 2096 quaeque
865 2024 1052 2081 obtrectator
1074 2023 1180 2080 iudea
1195 2024 1331 2081 Varrone
1354 2025 1469 2083 hausta
1491 2043 1561 2083 esse

278 2109 435 2181 ostendere
466 2111 594 2185 poterat,
628 2110 708 2168 bunc
739 2111 801 2168 iam
839 2110 870 2167 in
901 2110 963 2169 illis
998 2111 1129 2186 dialogis
1165 2113 1314 2171 docuisse.
1368 2114 1446 2185 Quin
1480 2115 1559 2172 enim

277 2199 426 2256 Reatinus
450 2216 518 2255 eum
542 2198 743 2273 exscripserit,
769 2199 903 2257 dubitari
925 2217 986 2258 non
1009 2200 1081 2258 licet
1103 2203 1249 2276 respectis
1273 2202 1359 2270 locis,
1385 2219 1463 2278 quos
1479 2203 1559 2261 Gen-

277 2287 372 2345 tillius
404 2284 472 2363 (l.1.
496 2305 523 2361 p.
548 2285 620 2364 102)
657 2287 762 2345 attulit
797 2285 987 2363 (V.144,1;
1028 2290 1064 2347 ci.
1097 2289 1314 2358 001.1110,e;
1356 2291 1489 2360 V.126;
1522 2292 1558 2349 cf.

278 2376 339 2434 Col.
356 2375 396 2433 ΙΙΙ
416 2370 516 2456 12,1”1).
563 2375 624 2433 Nec
654 2376 752 2450 magis
782 2377 930 2434 incertum
962 2395 1030 2436 esse
1060 2378 1133 2436 mibi
1166 2379 1287 2436 videtur
1317 2380 1482 2438 Varronem
1511 2399 1556 2449 ea,

278 2482 357 2540 quas
381 2481 474 2538 supra
502 2465 542 2522 ad
572 2465 708 2523 Scrofam
740 2465 851 2534 rettuli,
882 2483 989 2524 revera
1011 2484 1049 2524 ex
1079 2467 1138 2525 hoc
1166 2469 1343 2543 sumpsisse.
1389 2468 1456 2527 Non
1480 2468 1562 2526 enim

278 2553 377 2612 solum
401 2554 481 2627 apud
498 2553 672 2621 Varronem,
698 2555 751 2612 sed
776 2555 868 2612 etiam
892 2555 974 2629 apud
1001 2555 1196 2614 Columellam
1220 2560 1250 2614 et
1264 2557 1395 2615 Plinium
1419 2558 1564 2616 Sasernis

277 2644 435 2718 repugnat.
481 2642 571 2718 Apud
603 2643 688 2700 illum
702 2643 780 2710 1113,
800 2643 835 2700 2:
870 2660 960 2722 „nam
993 2644 1029 2702 de
1053 2647 1180 2703 arbusto
1204 2647 1295 2704 etiam
1318 2647 1396 2704 inter
1419 2650 1564 2705 auctores-

278 2748 339 2789 non
371 2731 482 2803 exigua
512 2749 616 2806 pugna
645 2731 713 2800 fuit,
748 2733 901 2790 abnuente
930 2733 1064 2790 Saserna
1089 2750 1186 2808 genus
1217 2734 1249 2792 id
1281 2735 1368 2805 ruris,
1401 2736 1564 2794 Tremellio·

278 2819 407 2877 maxime
442 2816 618 2894 probante“.
656 2817 677 2896 (1
704 2820 842 2899 1‚4-5)
890 2822 1054 2879 Sasernam
1089 2823 1206 2880 caelum
1238 2825 1269 2881 in
1308 2824 1416 2882 melius
1447 2825 1559 2882 mutari

279 2908 393 2966 dixisse
422 2908 561 2976 traditur,
590 2909 696 2966 eodem
726 2910 926 2978 teste111,2
952 2910 1058 2969 Scrofa
1088 2914 1272 2970 contrarium
1299 2913 1361 2970 iere
1384 2913 1560 2971 affirmavit

278 2995 433 3065 11112,b:
468 2999 576 3076 „cuius
608 2996 637 3073 (i.
655 3017 679 3056 e.
704 2998 789 3076 caeli)
823 3017 915 3075 quam
945 3001 1095 3074 regionem
1125 3005 1264 3075 spectare
1287 3002 1419 3059 debeant
1440 3003 1558 3070 vineae,

278 3088 367 3144 vetus
391 3088 439 3144 est
462 3085 624 3156 dissensio,
651 3087 784 3145 Saserna
798 3087 929 3146 maxime
952 3091 1100 3163 probante
1124 3091 1200 3148 solis
1223 3092 1331 3158 ortum,
1357 3107 1429 3148 mox
1452 3091 1566 3148 deinde·

279 3175 439 3242 meridiem,
461 3177 530 3232 tum
553 3193 712 3234 occasum:
736 3175 893 3234 Tremellio
918 3177 1025 3236 Serota
1047 3179 1241 3253 praecipuam
1264 3179 1447 3253 positionem
1470 3180 1564 3237 meri--

279 3265 401 3321 dianam
425 3259 595 3322 censente“.
627 3265 715 3339 Apud
739 3266 819 3323 bunc
835 3265 1003 3324 xvllrea:
1028 3267 1192 3345 „Sequitur
1214 3268 1333 3325 arbusti
1348 3269 1427 3326 ratio
1451 3269 1564 3333 mirum:

278 3353 310 3410 in
333 3353 454 3411 modum
478 3352 624 3411 damnata
647 3371 666 3410 a
694 3355 827 3412 Saserna
850 3358 935 3429 patre
958 3354 1093 3431 filioque,
1118 3355 1272 3414 celebrata
1295 3357 1427 3425 Scrofae,
1452 3360 1558 3415 vetus-

277 3441 406 3500 tissimis
442 3444 514 3516 post
544 3441 689 3500 Catonem
716 3444 977 3520 peritissimisque,
1011 3462 1047 3501 ac
1079 3462 1116 3502 ne
1148 3463 1168 3501 a
1203 3445 1310 3502 Scrofa
1344 3448 1464 3520 quidem
1498 3447 1564 3504 nisi·

278 3529 384 3588 Italiae
409 3526 586 3588 concessa“.
632 3531 699 3588 Huc
727 3531 754 3589 si
777 3532 885 3597 addas,
911 3533 991 3608 quod
1015 3533 1209 3591 Columellal
1228 3535 1284 3600 l,6
1306 3534 1432 3592 eundem
1456 3537 1564 3603 etiam,

279 3619 351 3695 quid
376 3619 537 3694 scriptores
561 3619 675 3687 Punici,
700 3620 719 3680 i,
736 3639 760 3678 e.
776 3621 865 3694 Mago
882 3624 913 3678 et
927 3621 1081 3679 Hamilcar
1095 3621 1175 3680 falso
1192 3624 1416 3697 exposuissent,
1438 3624 1565 3699 praedi--

279 3725 368 3765 casse
382 3709 523 3774 testatur,
548 3708 609 3765 iam
632 3726 693 3766 non
716 3726 808 3783 neges
832 3709 1080 3768 verisimillimum
1105 3729 1174 3768 esse
1193 3711 1247 3769 illa
1263 3712 1388 3770 Catonis
1406 3715 1436 3770 et
1452 3713 1558 3770 Saser-

279 3813 386 3853 narum
418 3795 532 3853 iudicia
562 3813 622 3854 non
654 3797 693 3854 ad
715 3797 891 3866 Varronem,
924 3800 978 3856 sed
1010 3800 1048 3856 ad
1080 3800 1269 3857 Tremellium
1301 3801 1404 3868 redire,
1439 3802 1490 3876 qui
1522 3819 1559 3859 ex

279 3884 425 3943 Romanis
447 3886 518 3942 ante
533 3884 699 3943 Varronem
716 3887 863 3961 ponendis
887 3887 936 3945 his
959 3888 989 3944 in
1013 3889 1104 3945 rebus
1121 3892 1200 3945 certe
1225 3892 1290 3946 erat
1304 3887 1557 3968 upcrrnoiraroc.²)

327 3993 329 3999 ¹
390 3973 495 4042 Doleo,
514 3974 595 4048 quod
611 3992 649 4032 ne
661 3975 691 4032 in
707 3967 864 4033 Tremellio
882 3976 1001 4050 quidem
1017 3976 1093 4034 locis
1113 3979 1195 4051 apud
1208 3979 1392 4052 posteriores
1410 3979 1558 4036 exstanti-

279 4064 337 4120 bus
367 4062 430 4119 nisi·
458 4062 559 4136 plures
591 4081 628 4121 ex
658 4063 803 4122 Varronis
835 4082 924 4138 opere
951 4064 1036 4125 locos
1068 4067 1107 4122 ad
1138 4067 1217 4124 hunc
1252 4067 1360 4125 referre
1394 4069 1565 4142 possimus„

279 4150 377 4208 Unum
400 4153 511 4218 tamen,
537 4152 567 4209 ni
589 4152 687 4220 fallor,
714 4154 918 4214 confirmatur.
965 4155 1153 4230 Quamquam
1174 4156 1252 4213 enim
1268 4156 1443 4214 Tremellius
1467 4157 1557 4214 etiam

280 4241 310 4296 in
334 4240 467 4297 secundo
491 4239 568 4299 libro
588 4243 716 4316 loquens
741 4242 893 4300 inducitur
916 4246 947 4300 et
962 4243 1100 4301 similiter
1115 4246 1207 4318 atque
1230 4245 1262 4301 in
1278 4246 1373 4319 primo
1387 4242 1433 4321 (ci.
1450 4245 1463 4302 1
1480 4244 1508 4314 5,
1524 4246 1557 4314 3;

279 4328 349 4386 ibid.
378 4323 529 4410 ο.15)16)
562 4347 659 4388 rerum
692 4330 923 4405 dispositionem
957 4333 1135 4407 pronuntiat
1158 4331 1203 4407 (cf.
1220 4334 1247 4391 ΙΙ
1267 4335 1293 4399 1,
1312 4333 1462 4411 11-12),
1497 4351 1562 4409 quo

280 4469 492 4478 -—----.—.-

387 4554 405 4623 1)
424 4553 468 4608 Ad
486 4555 605 4609 eundem
622 4555 707 4624 igitur
725 4556 851 4621 referam,
866 4573 938 4628 quae
956 4558 988 4613 V.
1002 4558 1014 4612 Ι
1026 4557 1098 4624 24,3
1116 4559 1152 4611 ad
1165 4559 1300 4613 Catonem
1312 4559 1424 4613 addidit.
1453 4558 1560 4613 Vilissi-

280 4641 356 4678 mum
375 4627 513 4696 estquod
535 4626 623 4680 Varro
636 4626 735 4692 138‚2
760 4627 794 4682 de
813 4627 908 4684 Cassio
933 4629 1137 4684 animadvertit.
1174 4630 1235 4682 Huc
1253 4645 1310 4684 non
1329 4631 1457 4699 pertinet,
1484 4630 1560 4701 quod

280 4696 385 4762 1111,2
404 4696 438 4750 de
456 4695 545 4750 Ennio
563 4697 674 4766 legitur.
