3525 5342
724 351 856 448 ,.’63
902 421 946 428 -

197 567 311 625 similia
342 568 421 624 sunt
452 599 497 607 —-
527 565 608 623 Idem
641 565 779 634 efficitur,
813 565 840 622 si
870 582 985 622 meeum
1017 567 1106 640 putes
1134 565 1327 622 Aristotelem
1358 565 1477 640 praeter

199 655 393 714 oeconomica
415 672 477 712 non
508 672 576 712 esse
600 672 785 730 expressum.
832 654 882 711 Sic
906 654 984 712 enim
1008 654 1134 712 Cassius
1158 671 1227 711 eum
1249 654 1366 727 neglegi
1388 654 1477 712 licere

199 744 324 802 censuit.
371 744 527 814 Quacum
551 761 582 800 re
606 744 752 817 congruit,
778 743 860 819 quod
875 743 972 801 Varro
997 745 1076 800 certe
1099 760 1119 798 a
1142 742 1249 800 Cassio
1266 743 1300 801 D.
1323 745 1477 818 receptum

198 834 286 901 15,2
312 833 467 891 Stolonem
491 833 527 890 de
550 833 759 906 Theophrasto
791 833 848 890 hoe
879 832 1023 889 iudicium
1046 831 1244 906 proterentem
1270 831 1357 888 iacit:
1393 831 1475 900 ,Isti

198 923 306 997 inquit,
339 922 407 979 libri
429 939 491 979 non
514 923 577 978 tam
601 921 701 979 idonei
724 921 771 989 iis,
805 921 858 996 qui
889 938 995 994 agrum
1026 920 1121 978 colere
1152 921 1269 987 volunt,
1302 938 1393 995 quam
1424 920 1476 994 qui

200 1011 323 1069 scholas
347 1011 608 1085 philosophorum;
639 1028 737 1086 neque
761 1027 796 1068 eo
821 1009 898 1078 dico,
928 1026 988 1084 quo
1012 1027 1073 1067 non
1096 1010 1230 1067 habeant
1252 1012 1288 1067 et
1310 1008 1420 1066 utilia
1443 1011 1478 1066 et

199 1099 400 1158 eommunia
423 1099 629 1174 quaedam“.
665 1099 730 1156 Hac
750 1116 787 1156 ex
803 1099 893 1156 laude
909 1098 1039 1156 dilucide
1054 1100 1190 1173 apparet,
1216 1115 1279 1172 qua
1294 1098 1476 1155 auctoritate

197 1189 304 1246 merito
329 1191 407 1246 certe
431 1188 513 1263 apud
530 1188 691 1263 scriptores
715 1205 776 1246 non
791 1189 855 1245 tam
871 1187 1040 1245 doctrinam
1061 1204 1153 1263 quam
1176 1203 1266 1244 usum
1290 1187 1476 1244 cotidianum

197 1280 372 1352 spectantes
396 1276 625 1351 Theophrastus
658 1279 750 1352 atque
780 1277 852 1334 item
882 1277 965 1333 haud
996 1276 1085 1334 dubie
1113 1275 1294 1334 Aristoteles
1325 1275 1375 1333 usi
1406 1275 1476 1333 sint

196 1366 259 1424 Nec
289 1366 416 1424 fortuito
447 1366 562 1423 factum
593 1383 661 1424 esse
692 1364 764 1422 mihi
794 1365 923 1433 videtur,
957 1367 992 1422 ut
1022 1364 1089 1440 ipso
1120 1365 1187 1422 loco
1220 1382 1313 1439 snpra
1342 1366 1475 1422 tractato

198 1455 326 1513 Cassius
343 1454 585 1529 Theophrastum
601 1455 706 1518 adiret,
732 1454 848 1512 seilicet
863 1454 944 1528 quod
960 1454 1066 1511 harum
1082 1454 1203 1529 quidem
1225 1471 1322 1510 rerum
1342 1453 1475 1511 narratio

198 1544 303 1601 melior
326 1561 363 1602 ac
386 1544 483 1616 magis
500 1543 660 1619 perspicua
676 1543 906 1618 Theophrastea
920 1543 1048 1600 inveniri
1071 1560 1133 1600 non
1149 1543 1250 1617 potuit
1273 1541 1320 1618 (cf.
1337 1542 1439 1600 adnot.
1456 1541 1475 1598 2

310 1721 406 1778 Valde
423 1721 520 1789 doleo,
547 1721 628 1796 quod
643 1721 778 1778 Fortuna
793 1723 867 1779 voto
888 1738 956 1778 meo
977 1737 1038 1778 non
1059 1720 1249 1795 subscripsit,
1275 1737 1343 1778 cum
1359 1722 1478 1794 praeter

200 1810 333 1879 Hesiodi,
358 1809 578 1885 Xenophontis,
603 1810 786 1878 Aristotelia,
812 1809 1014 1884 Theophrasti
1036 1809 1138 1876 libros,
1171 1809 1223 1883 qui
1247 1808 1347 1866 adhuc
1370 1826 1477 1883 super·
1503 1851 1506 1860 .

198 1899 288 1956 stites
313 1902 393 1967 sunt,
419 1917 525 1958 omnes
549 1917 673 1973 prorsus
697 1899 792 1973 perire
817 1899 898 1956 sivit.
937 1898 1099 1955 Molestum
1123 1897 1202 1955 eninr
1226 1897 1362 1955 estsine
1387 1897 1476 1955 certis

201 1987 385 2062 argumentis
410 1989 445 2044 de
468 1987 592 2063 reliquis
617 1988 795 2046 auctoribus
819 1987 942 2046 Graecis
965 1987 1051 2044 velut
1072 1987 1240 2044 Menecrate
1264 1989 1294 2043 et
1316 1986 1474 2052 Archelao,

200 2094 277 2152 quos
301 2077 373 2134 item
397 2076 527 2150 amphus
551 2094 619 2134 esse
643 2094 804 2151 expressos
829 2093 923 2150 supra
946 2076 1122 2144 statuimus,
1147 2077 1242 2133 verba
1263 2075 1370 2132 iacere.
1406 2074 1473 2142 Sed,

200 2167 234 2222 ut
256 2183 304 2223 res
329 2183 362 2222 se
386 2166 507 2232 habent,
540 2164 615 2222 nihil
646 2166 728 2223 aliud
759 2165 848 2223 nobis
879 2164 1059 2239 relinquitur
1089 2166 1181 2239 atque
1212 2169 1247 2221 ut
1276 2164 1474 2239 proferamus,

199 2272 277 2328 quae
302 2253 343 2311 sit
373 2256 480 2312 nostra
503 2254 613 2329 opinio.
658 2253 916 2312 Verisimillimum
948 2256 1026 2311 certe
1057 2256 1106 2310 est
1128 2254 1301 2320 Varronem,
1333 2252 1477 2328 quoniam

200 2343 443 2418 Theophrastum
473 2343 539 2418 ipse
570 2360 632 2401 non
663 2343 805 2418 inspexit,
838 2361 875 2400 ne
907 2346 1023 2400 ceteros
1055 2342 1175 2417 quidem
1207 2342 1306 2400 Cassii
1336 2341 1476 2416 Dionysii

199 2435 340 2489 auctores
364 2432 465 2507 ipsum
481 2432 592 2498 adisse,
618 2433 670 2490 sed
687 2433 759 2489 item
775 2449 827 2505 per
842 2433 922 2489 hunc
938 2432 970 2488 in
985 2431 1079 2489 libros
1100 2449 1175 2490 suos
1195 2431 1353 2506 recepisse.
1389 2431 1476 2500 Quod

198 2538 235 2578 ne
264 2520 430 2588 credamus,
464 2521 553 2597 nihil¹
569 2539 626 2579 nos
657 2521 794 2596 impedit;
827 2521 917 2578 certis
948 2523 1050 2578 autem
1079 2522 1170 2578 rebus
1201 2537 1300 2595 neque
1329 2519 1390 2593 ipsi
1420 2519 1477 2576 niti

199 2627 364 2683 possumus
388 2627 485 2684 neque
509 2610 676 2668 adversarii
699 2627 756 2667 nos
779 2610 957 2685 redarguere
981 2611 1130 2684 poterunt.

311 2698 394 2768 Quae
419 2716 485 2756 cum
508 2700 554 2756 ita
577 2699 648 2767 sint,
674 2701 770 2756 restat
792 2701 828 2756 ut
847 2698 1055 2766 ostendamus
1081 2701 1233 2799 quatenus
1249 2698 1346 2755 Varro
1361 2697 1476 2755 iontem

197 2787 402 2887 exscripserit
448 2788 544 2858 Quam
568 2789 608 2845 ad
631 2805 692 2846 rem
715 2788 826 2846 idonea
849 2788 978 2845 maxime
1008 2789 1081 2845 sunt
1103 2787 1279 2862 geoponica,
1313 2804 1392 2862 quae
1415 2787 1476 2843 iam

199 2876 230 2932 in
252 2876 343 2934 tertio
367 2877 466 2952 capite
490 2894 558 2934 oum
581 2877 716 2934 Varrone
741 2877 938 2935 conteremus.

702 3362 864 3502 caput
902 3363 969 3474 ιιι.

311 3691 409 3749 Cassii
440 3691 580 3766 Dionysii
602 3691 752 3749 Uticensis
784 3691 922 3766 epitome,
956 3708 1035 3765 quae
1066 3708 1145 3748 anno
1176 3691 1237 3748 iere
1260 3709 1287 3748 a
1305 3689 1370 3746 Chr.
1387 3707 1414 3746 n.
1432 3689 1474 3748 88

198 3781 268 3836 orta
299 3776 381 3857 est,²)
414 3780 495 3837 siout
525 3797 562 3838 ex
593 3780 735 3838 manibus
766 3780 901 3838 auctoris
925 3779 1044 3856 prodiit,
1077 3780 1137 3836 iam
1160 3797 1222 3837 non
1245 3780 1354 3837 exstat.
1400 3778 1475 3836 Item

199 3867 286 3940 periit
308 3868 477 3942 Diophanis
502 3869 639 3944 epitome,
665 3886 743 3944 quae
766 3869 855 3927 annis
878 3869 940 3926 fere
964 3868 1095 3928 80-70
1118 3869 1202 3926 iacta
1225 3871 1273 3926 est
1292 3864 1338 3945 (cf.
1357 3867 1476 3925 Stadler

199 3956 289 4034 ibid),
322 3975 419 4032 neque
450 3957 513 4014 alia
542 3957 665 4015 fortuna
695 3975 772 4016 usus
801 3959 849 4015 est
870 3957 968 4016 Pollio
991 3957 1170 4026 Trallianus,
1204 3957 1257 4032 qui
1278 3959 1357 4015 teste
1381 3957 1478 4029 Suida

200 4041 442 4124 (sublimiter)
474 4046 641 4120 Diophanis
665 4044 824 4125 γεωργικά
855 4047 975 4105 duobus
1007 4047 1091 4105 libris
1115 4046 1346 4121 comprehendit
1393 4046 1474 4116 Quas

202 4135 241 4191 ob
273 4151 331 4203 res,
364 4152 432 4192 cum
455 4135 601 4193 Varronis
631 4137 726 4193 verba
756 4153 824 4192 cum
854 4135 938 4193 fonte
969 4135 1037 4210 ipso
1069 4135 1237 4209 comparari
1260 4153 1321 4193 non
1345 4135 1474 4210 possint.

201 4224 403 4296 quaerendum
434 4227 489 4300 est,
522 4241 594 4281 num
625 4224 688 4281 alia
717 4225 834 4282 ratione
864 4226 983 4298 praeter
1013 4224 1115 4293 locos,
1145 4224 1256 4299 quibus
1288 4224 1414 4282 Cassius
1445 4225 1476 4279 et

200 4310 375 4387 Diophanes
400 4313 482 4388 apud
506 4312 671 4371 Varronem
694 4313 872 4371 nominatim
896 4310 1097 4390 laudantur,²l
1121 4315 1229 4381 steca,
1255 4331 1333 4388 qnos
1349 4311 1474 4370 Cassius

197 4449 410 4462 ἡ

306 4519 325 4583 ¹}
346 4520 380 4575 cf.
399 4521 506 4590 Meyer,
533 4519 701 4574 Gesohichte
726 4520 775 4574 der
799 4520 922 4574 Botanik
939 4519 952 4572 Ι
970 4535 996 4589 p.
1009 4518 1075 4586 301;
1102 4520 1253 4574 Schneider
1271 4519 1326 4572 vol
1338 4519 1364 4572 V
1382 4534 1409 4588 p.
1421 4517 1475 4572 336

197 4589 250 4643 sub
270 4590 416 4657 Sextilium
436 4536 546 4646 Sytadler
565 4591 690 4658 (Quellen
708 4591 807 4661 etc)p
809 4591 875 4656 .;17
895 4591 994 4657 Reitz,
1013 4591 1048 4645 de
1065 4607 1117 4646 eor.
1138 4593 1227 4660 etop
1231 4590 1292 4645 ..48

306 4607 1368 4732 pcassiusn.117,3;138„;12p11,127;111,;213Diophaneslu,7
