3525 5342
810 393 1033 456 -72..

392 592 478 649 geop.
502 573 568 632 XVI
586 575 658 642 1,1;
696 571 752 641 τὰς
785 572 915 653 θηλείας
946 573 1071 645 ῦτπους,
1106 572 1141 644 ἐξ
1173 569 1222 635 ὧν
1254 572 1562 654 πωλοτροφήσομεν,

282 661 376 724 εἶναι
398 660 469 742 χρὴ
493 661 671 742 εὐπαγεῖς
697 660 761 723 καὶ
782 660 949 741 μέγεθος
972 661 1133 743 ἐχούσας
1156 661 1303 734 ἱκανόν,
1331 662 1395 724 καί
1417 661 1563 742 ὡραίας

282 749 402 822 ἰδεῖν,
433 749 550 819 πλάτος
579 773 611 813 τε
643 751 725 832 ἔχειν
755 750 789 812 ἐν
819 755 884 819 τοῖς
912 751 1022 831 μέρεσι
1052 755 1106 831 τῆς
1136 749 1256 819 κοιλίας
1285 750 1340 813 καὶ
1361 745 1478 837 (κατὰ)
1506 750 1563 820 τάς

281 839 425 919 λαγόνας.

281 969 284 974 -
392 931 427 990 V.
452 930 566 998 117‚4:
598 929 696 1011 „Iesse
720 930 850 1007 oportet)
874 948 971 1006 equas
994 931 1134 989 clunibus
1157 949 1194 988 ac
1216 931 1374 989 ventribus
1396 929 1516 989 latis“.*

392 1037 478 1094 geop.
495 1019 562 1076 XVI
581 1021 607 1088 1,
619 1019 653 1077 4:
675 1016 815 1098 βιβάζειν
831 1016 866 1080 δὲ
881 1016 952 1099 χρὴ
968 1017 1018 1099 μὴ
1035 1016 1216 1086 πολλάκις
1230 1022 1294 1098 τῆς
1309 1018 1467 1099 ἡμέρας,
1483 1017 1561 1081 ἀλλὰ

216 1188 219 1192 Ι
284 1105 330 1174 δὶς
352 1105 463 1187 μόνον,
487 1104 578 1187 πρωῒ
595 1105 650 1168 καί
673 1105 784 1187 δείλης.
824 1109 852 1168 5.
876 1105 933 1169 ἐὰν
956 1105 991 1168 δὲ
1014 1107 1101 1178 ἅπαξ
1122 1106 1311 1188 βιβασθεῖσα
1333 1106 1380 1188 μὴ
1396 1107 1562 1188 προσίηται

281 1193 335 1257 τὸν
358 1195 485 1276 ἄρρενα,
508 1193 587 1276 μετὰ
617 1195 634 1257 ι’
658 1195 781 1276 ἡμέρας
795 1195 875 1277 αὐτῇ
890 1193 984 1258 πάλιν
998 1195 1204 1277 προσακτέον.
1239 1194 1294 1258 ε’άν
1310 1194 1345 1257 δὲ
1364 1195 1442 1277 μηδ’
1458 1197 1563 1265 οὕτως

278 1282 500 1366 προσδέξηται,
524 1283 761 1365 δποχωριστέον
783 1284 892 1365 αῦτήν,
916 1284 963 1353 ὡς
985 1284 1047 1366 ἤδη
1071 1284 1303 1366 συνειληφυῖαν.

392 1374 427 1432 V.
451 1374 477 1432 II
494 1374 567 1444 V‚8:
594 1375 770 1455 „admittere
795 1378 924 1450 oportet,
950 1393 1019 1433 cum
1041 1379 1161 1451 tompus
1185 1377 1257 1434 anni
1280 1376 1405 1445 venerit,
1431 1377 1478 1434 bis
1502 1377 1560 1443 die,

281 1480 369 1522 mane
393 1465 423 1521 et
445 1481 580 1539 vespere,
613 1482 667 1539 per
690 1464 805 1539 origam
827 1465 1005 1540 ..quoad
1028 1466 1107 1523 satis
1131 1466 1172 1522 sit
1195 1465 1323 1534 admitti,
1356 1465 1443 1540 ipsae
1467 1466 1562 1539 signi-

280 1552 384 1621 ficant,
411 1553 492 1628 quod
516 1571 548 1610 se
572 1550 784 1612 defendunt“.*

392 1659 479 1716 geop.
501 1641 566 1699 XIX
583 1642 680 1710 2,11:
714 1639 768 1702 καὶ
802 1645 1030 1722 συγκροτοῦσιν
1064 1641 1108 1709 εἰς
1140 1638 1249 1722 μάχην
1282 1638 1365 1722 πρὸς
1399 1639 1561 1723 ἀλλήλους.

281 1721 530 1809 καταβαρεῖοθαι
558 1727 593 1790 δὲ
616 1729 676 1790 οῦκ
700 1729 777 1791 ἐῶσι
799 1727 892 1811 χάριν
913 1734 970 1792 τοῦ
992 1729 1038 1810 μὴ
1068 1728 1182 1791 δειλιᾶν
1208 1728 1293 1811 μηδὲ
1319 1730 1562 1802 καταπτώσσειν,

281 1814 372 1878 ἀλλὰ
395 1817 636 1899 κατατολμᾶν
667 1819 706 1880 έν
732 1823 811 1886 τοῖς
840 1817 974 1888 πόνοις
1003 1817 1102 1900 μηδὲ
1123 1818 1293 1880 ὑπείκειν
1315 1817 1409 1880 κατὰ
1432 1817 1562 1900 μηδέν.

391 1908 426 1968 V.
449 1908 590 1978 119,12:
626 1909 771 1988 „inritant
794 1910 833 1966 ad
857 1909 1063 1984 pugnandum,
1096 1927 1158 1984 quo
1181 1910 1262 1967 fiunt
1290 1910 1430 1978 acriores,
1464 1928 1563 1986 neque

282 1996 443 2072 defatigari
466 1997 633 2072 patiuntur,
659 2015 719 2075 quo
742 1998 823 2056 fiunt
845 1994 1048 2073 segniores“.*

392 2087 606 2161 geopXIX2,
620 2088 673 2146 10:
707 2085 904 2166 περιχρίουσι
936 2084 971 2148 δὲ
1001 2083 1098 2154 τοὺς
1130 2084 1345 2153 σκύλακας
1377 2084 1563 2166 ἀμυγδάλης

280 2176 397 2250 πικρᾶς
419 2171 498 2254 μετὰ
514 2172 629 2242 ὕδατος
643 2174 847 2256 τετριμμένης
865 2173 989 2255 περὶτὰ
1005 2171 1072 2236 ὦτα
1086 2173 1192 2237 καὶτὰ
1207 2171 1286 2255 μετὰ
1306 2178 1371 2237 τῶν
1387 2173 1562 2246 δακτύλων,

280 2261 330 2322 ἵνα
354 2260 433 2342 μήτε
455 2267 545 2342 μυῖαι
568 2262 830 2343 προσκαθίζωσιν
858 2263 1081 2326 ἕλκοποωῦσαι
1103 2263 1182 2344 μήτε
1204 2262 1365 2344 κρότωνες
1387 2265 1408 2344 ἢ
1431 2262 1563 2344 φθεῖρες

280 2348 423 2431 θλίβωσι.

393 2441 427 2499 V.
452 2442 478 2499 ll
496 2442 593 2509 9,14;
627 2444 772 2522 „quidam
803 2444 932 2501 nucibus
955 2444 1072 2518 graecis
1102 2444 1133 2501 in
1165 2460 1248 2518 aqua
1277 2443 1358 2502 tritis
1389 2447 1563 2519 perungunt

281 2547 372 2588 aures
397 2533 428 2587 et
449 2531 528 2588 inter
559 2531 681 2606 digitos,
713 2532 795 2607 quod
827 2550 951 2590 muscae
974 2535 1004 2590 et
1026 2533 1113 2590 ricini
1135 2524 1203 2615 (et)
1225 2532 1341 2608 pulices
1372 2533 1500 2601 soleant,
1534 2533 1562 2590 si

281 2618 339 2676 hoc
375 2620 508 2694 unguine
539 2637 601 2678 non
634 2621 677 2678 sis
708 2638 795 2689 usus,
829 2639 865 2680 ea
898 2618 1100 2680 exulcerare“.
1144 2621 1181 2679 ct
1205 2622 1240 2680 A.
1261 2622 1290 2679 h.
1306 2640 1333 2679 a
1351 2621 1414 2681 557
1422 2640 1449 2690 a,
1464 2621 1561 2699 14sq.

281 2707 344 2764 Col.
362 2707 413 2764 VH
431 2707 520 2776 13,1.
544 2743 589 2750 -
611 2709 650 2767 Hi
673 2709 732 2767 loci
756 2712 829 2768 sunt
852 2709 1005 2774 simillimi,
1031 2712 1189 2768 attamen
1213 2712 1293 2768 certe
1310 2711 1405 2769 Varro
1429 2728 1491 2769 non
1514 2713 1563 2768 est

280 2795 350 2854 lons
374 2799 541 2872 propterea,
574 2799 657 2873 quod
679 2798 792 2856 rectius
816 2799 985 2874 geoponica
1007 2799 1141 2874 pulicum
1164 2799 1233 2858 loco
1256 2796 1390 2878 φθεῖρες
1411 2799 1562 2858 exhibent.

280 2884 393 2942 Noster
416 2885 494 2943 enim
517 2887 622 2960 procul
646 2886 737 2945 dubio
761 2888 900 2957 nescivit,
926 2906 988 2963 qua
1010 2906 1086 2946 voce
1109 2884 1247 2968 φθεῖρας
1270 2891 1467 2957 converteret,
1493 2906 1562 2946 cum

281 2973 449 3042 discrimen,
486 2975 568 3049 quod
602 2975 761 3033 intercedit
795 2976 874 3034 inter
904 2973 1032 3055 κρότων
1063 2979 1095 3035 et
1124 2974 1222 3056 φθείρ
1245 2977 1480 3036 subtilissimum
1512 2978 1562 3036 sit.

282 3062 369 3132 Quod
392 3062 441 3120 vel
470 3063 539 3121 inde
570 3064 676 3132 elucet,
710 3065 792 3140 quod
815 3065 927 3124 Suidas
958 3083 1020 3124 non
1051 3066 1168 3124 veritus
1199 3068 1247 3124 est
1277 3066 1407 3124 alterum
1436 3067 1562 3125 verbum

281 3151 377 3209 altero
401 3152 552 3227 explicare
576 3153 723 3212 scribens:
747 3151 924 3233 κροτώνων
946 3152 1083 3215 κυνείων
1105 3152 1261 3234 φθειρῶν.
1284 3188 1329 3197 -
1351 3156 1447 3213 Varro
1470 3156 1563 3229 igitur

279 3241 405 3298 verbum
429 3241 552 3299 difficile
582 3243 663 3300 falso
687 3243 816 3301 reddidit
838 3243 921 3312 trito,
954 3244 1124 3318 geoponioa
1146 3261 1219 3302 vero
1250 3243 1326 3301 illud
1358 3245 1450 3302 etiam
1480 3262 1562 3301 nuno

280 3330 402 3388 habent.
440 3331 524 3401 Quae
548 3349 596 3390 res
621 3350 657 3391 eo
682 3333 779 3406 magis
803 3333 992 3407 respicienda
1015 3335 1071 3401 est,
1090 3333 1172 3408 quod
1188 3333 1220 3390 in
1235 3333 1362 3408 reliquis
1376 3335 1560 3391 verbotenus

279 3417 342 3476 iere
365 3418 424 3477 loci
448 3423 624 3494 congruunt.

391 3524 478 3583 geop.
494 3508 590 3566 XVIII
608 3509 681 3578 8,2:
715 3505 752 3569 τά
788 3506 823 3569 δέ
858 3507 892 3570 έν
926 3512 973 3588 τῷ
1007 3507 1169 3588 κείρεσθαι
1201 3507 1365 3590 συμβάντα
1397 3508 1561 3589 τραύματα

279 3593 422 3674 χριστέον
445 3595 630 3678 ὑγροπίσσγγ,
661 3595 696 3658 τό
730 3595 765 3658 δὲ
794 3595 907 3658 λοιπὸν
939 3601 1034 3678 σῶμα
1058 3597 1152 3678 ἐλαίῳ
1174 3596 1253 3678 μετὰ
1276 3598 1374 3668 οἴνου,
1406 3599 1426 3678 ἢ
1449 3596 1561 3678 χυλῷ

279 3687 428 3764 πικρῶν
443 3682 602 3765 θέρμων
625 3685 898 3766 άφειγημένων.
923 3689 950 3746 3.
967 3685 1117 3749 κάλλιον
1134 3685 1172 3748 δὲ
1188 3687 1294 3749 οἴνου
1310 3686 1373 3748 καλ
1388 3685 1561 3767 ἀμόργης

278 3769 319 3832 τό
344 3772 439 3844 ἴσον,
463 3774 483 3854 ἢ
507 3772 636 3835 ἐλαίου
667 3773 730 3836 καὶ
761 3773 912 3854 οἴνου,1λ
944 3776 1060 3838 λευκοῦ
1092 3779 1197 3856 κηροῦ
1232 3774 1287 3837 καὶ
1316 3780 1450 3856 στῆρος
1480 3797 1560 3855 συμ·

279 3858 462 3940 μιχθέντων
486 3860 697 3946 συγχρίεσθαι.

391 3951 426 4008 V.
450 3951 476 4009 II
496 3952 589 4021 11,7:
624 3955 751 4033 „tonsas
775 3956 911 4012 recentes
935 3955 1041 4012 eodem
1065 3955 1112 4012 die
1136 3958 1310 4030 perungunt
1330 3955 1404 4014 vino
1428 3955 1557 4023 stolae,

280 4054 342 4096 non
365 4056 453 4097 nemo
478 4041 614 4099 admixta
638 4060 707 4100 cera
723 4042 794 4100 alba
810 4045 840 4100 et
856 4043 946 4118 adipe
962 4043 1077 4102 suilla.
1094 4087 1101 4102 .
1119 4088 1125 4101 .
1142 4044 1233 4120 siqua
1248 4044 1279 4101 in
1293 4046 1422 4102 tonsura
1436 4044 1561 4124 plagam

280 4128 405 4201 accepit,
443 4146 511 4186 eum
545 4130 646 4188 locum
681 4131 822 4189 oblinunt
856 4132 923 4207 pice
954 4129 1119 4208 liquida“.⁸
1142 4167 1187 4174 -
1210 4133 1383 4202 Varronem,
1418 4132 1559 4210 quamvis

280 4215 392 4274 similia
416 4219 588 4276 communia
611 4221 682 4290 sint,
707 4237 769 4278 non
793 4238 862 4279 esse
886 4221 1071 4297 exscriptum
1094 4222 1126 4279 id
1149 4223 1316 4290 confirmat,
1342 4221 1425 4298 quod
1448 4222 1559 4279 rectius

279 4306 449 4381 geoponica
464 4307 578 4365 habent
599 4307 700 4388 στέαρ.
739 4309 825 4367 Hanc
848 4327 955 4368 vocem
978 4311 1006 4370 si
1029 4311 1108 4369 idem
1129 4311 1301 4386 significare
1317 4311 1439 4385 putavit
1458 4313 1561 4368 noster

280 4397 373 4470 atque
390 4395 510 4470 adipem
527 4396 657 4466 suillam,
683 4416 864 4474 magnopere
880 4399 1000 4468 erravit,
1026 4400 1108 4475 quod
1131 4401 1237 4458 sebum
1260 4400 1291 4457 in
1315 4401 1411 4458 subus
1436 4400 1559 4458 omnino

278 4500 340 4542 non
364 4489 419 4543 est.

278 4605 491 4616 -—-—.

386 4673 403 4743 ²)
424 4676 470 4731 Sic
488 4677 740 4747 interpungendum
759 4680 814 4744 est,
833 4677 973 4733 Beokhius
992 4681 1058 4749 post
1074 4678 1180 4731 λευκοῦ.
