<?xml version="1.0" encoding="UTF-8"?>
<!DOCTYPE html PUBLIC "-//W3C//DTD XHTML 1.0 Transitional//EN"
    "http://www.w3.org/TR/xhtml1/DTD/xhtml1-transitional.dtd">
<html xmlns="http://www.w3.org/1999/xhtml" xml:lang="en" lang="en">
 <head>
  <title>
</title>
<meta http-equiv="Content-Type" content="text/html;charset=utf-8" />
  <meta name='ocr-system' content='tesseract 3.04.00' />
  <meta name='ocr-capabilities' content='ocr_page ocr_carea ocr_par ocr_line ocrx_word'/>
</head>
<body>
  <div class='ocr_page' id='page_1' title='image "./devarronisrerum00hempgoog_0058.png"; bbox 0 0 3525 5342; ppageno 0'>
   <div class='ocr_carea' id='block_1_1' title="bbox 814 432 1143 525">
    <p class='ocr_par' dir='ltr' id='par_1_1' title="bbox 814 432 1143 525">
     <span class='ocr_line' id='line_1_1' title="bbox 814 432 1143 525; baseline 0 -47"><span class='ocrx_word' id='word_1_1' title='bbox 814 432 1143 525; x_wconf 48' lang='grc' dir='ltr'>..56-δ</span> 
     </span>
    </p>
   </div>
   <div class='ocr_carea' id='block_1_2' title="bbox 285 613 1565 1758">
    <p class='ocr_par' dir='ltr' id='par_1_2' title="bbox 285 613 1565 955">
     <span class='ocr_line' id='line_1_2' title="bbox 285 613 1564 689; baseline 0 -17"><span class='ocrx_word' id='word_1_2' title='bbox 285 613 389 672; x_wconf 87' lang='lat' dir='ltr'>insitio</span> <span class='ocrx_word' id='word_1_3' title='bbox 413 615 468 678; x_wconf 82' lang='lat' dir='ltr'>est,</span> <span class='ocrx_word' id='word_1_4' title='bbox 494 614 521 671; x_wconf 89' lang='lat' dir='ltr'>si</span> <span class='ocrx_word' id='word_1_5' title='bbox 543 613 616 673; x_wconf 86' lang='lat' dir='ltr'>vitis</span> <span class='ocrx_word' id='word_1_6' title='bbox 641 613 732 672; x_wconf 88' lang='lat' dir='ltr'>vitem</span> <span class='ocrx_word' id='word_1_7' title='bbox 756 614 913 687; x_wconf 91' lang='lat' dir='ltr'>contingit,</span> <span class='ocrx_word' id='word_1_8' title='bbox 938 613 1097 688; x_wconf 86' lang='lat' dir='ltr'>utriusque</span> <span class='ocrx_word' id='word_1_9' title='bbox 1118 614 1210 672; x_wconf 86' lang='lat' dir='ltr'>vitem</span> <span class='ocrx_word' id='word_1_10' title='bbox 1225 617 1360 672; x_wconf 76' lang='lat' dir='ltr'><strong>teneram</strong></span> <span class='ocrx_word' id='word_1_11' title='bbox 1376 614 1564 689; x_wconf 87' lang='lat' dir='ltr'>praeacuito,</span> 
     </span>
     <span class='ocr_line' id='line_1_3' title="bbox 286 699 1565 778; baseline 0.001 -18"><span class='ocrx_word' id='word_1_12' title='bbox 286 702 410 777; x_wconf 91' lang='lat' dir='ltr'>obliquo</span> <span class='ocrx_word' id='word_1_13' title='bbox 444 702 523 760; x_wconf 87' lang='lat' dir='ltr'>inter</span> <span class='ocrx_word' id='word_1_14' title='bbox 557 720 625 760; x_wconf 87' lang='lat' dir='ltr'>sese</span> <span class='ocrx_word' id='word_1_15' title='bbox 660 703 822 760; x_wconf 81' lang='lat' dir='ltr'>medullam</span> <span class='ocrx_word' id='word_1_16' title='bbox 856 719 925 759; x_wconf 85' lang='lat' dir='ltr'>oum</span> <span class='ocrx_word' id='word_1_17' title='bbox 959 701 1092 759; x_wconf 83' lang='lat' dir='ltr'>medulla</span> <span class='ocrx_word' id='word_1_18' title='bbox 1125 702 1202 760; x_wconf 89' lang='lat' dir='ltr'>libro</span> <span class='ocrx_word' id='word_1_19' title='bbox 1231 699 1414 778; x_wconf 89' lang='lat' dir='ltr'>conligato“.</span> <span class='ocrx_word' id='word_1_20' title='bbox 1459 703 1565 778; x_wconf 89' lang='lat' dir='ltr'>Neque</span> 
     </span>
     <span class='ocr_line' id='line_1_4' title="bbox 287 790 1565 867; baseline 0 -18"><span class='ocrx_word' id='word_1_21' title='bbox 287 791 376 850; x_wconf 87' lang='lat' dir='ltr'>aliter</span> <span class='ocrx_word' id='word_1_22' title='bbox 399 791 501 848; x_wconf 80' lang='lat' dir='ltr'>resin</span> <span class='ocrx_word' id='word_1_23' title='bbox 524 791 682 866; x_wconf 79' lang='lat' dir='ltr'>Diophane</span> <span class='ocrx_word' id='word_1_24' title='bbox 706 809 739 848; x_wconf 79' lang='lat' dir='ltr'>se</span> <span class='ocrx_word' id='word_1_25' title='bbox 763 791 863 858; x_wconf 91' lang='lat' dir='ltr'>habet,</span> <span class='ocrx_word' id='word_1_26' title='bbox 889 790 935 848; x_wconf 89' lang='lat' dir='ltr'>ita</span> <span class='ocrx_word' id='word_1_27' title='bbox 957 793 993 848; x_wconf 91' lang='lat' dir='ltr'>ut</span> <span class='ocrx_word' id='word_1_28' title='bbox 1014 791 1116 864; x_wconf 88' lang='lat' dir='ltr'>potius</span> <span class='ocrx_word' id='word_1_29' title='bbox 1140 793 1198 849; x_wconf 88' lang='lat' dir='ltr'>hoc</span> <span class='ocrx_word' id='word_1_30' title='bbox 1221 791 1253 848; x_wconf 90' lang='lat' dir='ltr'>in</span> <span class='ocrx_word' id='word_1_31' title='bbox 1276 792 1374 850; x_wconf 90' lang='lat' dir='ltr'>medio</span> <span class='ocrx_word' id='word_1_32' title='bbox 1397 792 1565 867; x_wconf 77' lang='lat' dir='ltr'>relinquam</span> 
     </span>
     <span class='ocr_line' id='line_1_5' title="bbox 287 879 1086 955; baseline -0.003 -17"><span class='ocrx_word' id='word_1_33' title='bbox 287 883 379 955; x_wconf 90' lang='lat' dir='ltr'>atque</span> <span class='ocrx_word' id='word_1_34' title='bbox 403 880 462 937; x_wconf 89' lang='lat' dir='ltr'>iam</span> <span class='ocrx_word' id='word_1_35' title='bbox 486 897 608 955; x_wconf 81' lang='lat' dir='ltr'>pergam</span> <span class='ocrx_word' id='word_1_36' title='bbox 631 879 776 938; x_wconf 83' lang='lat' dir='ltr'>Varronis</span> <span class='ocrx_word' id='word_1_37' title='bbox 801 896 916 937; x_wconf 87' lang='lat' dir='ltr'>errores</span> <span class='ocrx_word' id='word_1_38' title='bbox 940 879 1086 955; x_wconf 87' lang='lat' dir='ltr'>detegere.</span> 
     </span>
    </p>

    <p class='ocr_par' dir='ltr' id='par_1_3' title="bbox 285 968 1564 1758">
     <span class='ocr_line' id='line_1_6' title="bbox 392 968 1564 1044; baseline 0.002 -19"><span class='ocrx_word' id='word_1_39' title='bbox 392 968 426 1025; x_wconf 94' lang='lat' dir='ltr'>In</span> <span class='ocrx_word' id='word_1_40' title='bbox 460 969 556 1043; x_wconf 89' lang='lat' dir='ltr'>prima</span> <span class='ocrx_word' id='word_1_41' title='bbox 591 968 700 1042; x_wconf 86' lang='lat' dir='ltr'>capitis</span> <span class='ocrx_word' id='word_1_42' title='bbox 722 968 763 1026; x_wconf 89' lang='lat'>41</span> <span class='ocrx_word' id='word_1_43' title='bbox 801 969 991 1043; x_wconf 80' lang='lat' dir='ltr'>paragrapho</span> <span class='ocrx_word' id='word_1_44' title='bbox 1024 969 1060 1025; x_wconf 92' lang='lat' dir='ltr'>de</span> <span class='ocrx_word' id='word_1_45' title='bbox 1088 969 1222 1026; x_wconf 89' lang='lat' dir='ltr'>secunda</span> <span class='ocrx_word' id='word_1_46' title='bbox 1245 969 1456 1043; x_wconf 80' lang='lat' dir='ltr'>dispositionis</span> <span class='ocrx_word' id='word_1_47' title='bbox 1479 973 1564 1044; x_wconf 91' lang='lat' dir='ltr'>parte</span> 
     </span>
     <span class='ocr_line' id='line_1_7' title="bbox 286 1057 1564 1136; baseline 0.002 -22"><span class='ocrx_word' id='word_1_48' title='bbox 286 1058 393 1133; x_wconf 90' lang='lat' dir='ltr'>agitur,</span> <span class='ocrx_word' id='word_1_49' title='bbox 428 1058 543 1115; x_wconf 88' lang='lat' dir='ltr'>scilicet</span> <span class='ocrx_word' id='word_1_50' title='bbox 574 1059 609 1115; x_wconf 92' lang='lat' dir='ltr'>de</span> <span class='ocrx_word' id='word_1_51' title='bbox 639 1059 780 1131; x_wconf 88' lang='lat' dir='ltr'>tempore.</span> <span class='ocrx_word' id='word_1_52' title='bbox 826 1057 967 1131; x_wconf 81' lang='lat' dir='ltr'>Legimus</span> <span class='ocrx_word' id='word_1_53' title='bbox 998 1060 1116 1115; x_wconf 89' lang='lat' dir='ltr'>autem:</span> <span class='ocrx_word' id='word_1_54' title='bbox 1150 1058 1234 1136; x_wconf 84' lang='lat' dir='ltr'>„Quo</span> <span class='ocrx_word' id='word_1_55' title='bbox 1264 1061 1398 1133; x_wconf 90' lang='lat' dir='ltr'>tempore</span> <span class='ocrx_word' id='word_1_56' title='bbox 1426 1076 1564 1134; x_wconf 91' lang='lat' dir='ltr'>quaeque</span> 
     </span>
     <span class='ocr_line' id='line_1_8' title="bbox 285 1145 1563 1224; baseline 0.001 -20"><span class='ocrx_word' id='word_1_57' title='bbox 285 1147 463 1224; x_wconf 83' lang='lat' dir='ltr'>transieras,</span> <span class='ocrx_word' id='word_1_58' title='bbox 494 1147 569 1204; x_wconf 90' lang='lat' dir='ltr'>haec</span> <span class='ocrx_word' id='word_1_59' title='bbox 601 1146 633 1202; x_wconf 92' lang='lat' dir='ltr'>in</span> <span class='ocrx_word' id='word_1_60' title='bbox 663 1146 766 1220; x_wconf 90' lang='lat' dir='ltr'>primis</span> <span class='ocrx_word' id='word_1_61' title='bbox 797 1145 937 1214; x_wconf 88' lang='lat' dir='ltr'>videnda,</span> <span class='ocrx_word' id='word_1_62' title='bbox 970 1164 1049 1222; x_wconf 90' lang='lat' dir='ltr'>quae</span> <span class='ocrx_word' id='word_1_63' title='bbox 1072 1146 1156 1220; x_wconf 89' lang='lat' dir='ltr'>prius</span> <span class='ocrx_word' id='word_1_64' title='bbox 1178 1164 1272 1204; x_wconf 89' lang='lat' dir='ltr'>verno</span> <span class='ocrx_word' id='word_1_65' title='bbox 1294 1150 1428 1222; x_wconf 90' lang='lat' dir='ltr'>tempore</span> <span class='ocrx_word' id='word_1_66' title='bbox 1451 1148 1563 1205; x_wconf 89' lang='lat' dir='ltr'>insere·</span> 
     </span>
     <span class='ocr_line' id='line_1_9' title="bbox 286 1235 1564 1310; baseline -0.002 -16"><span class='ocrx_word' id='word_1_67' title='bbox 286 1238 403 1303; x_wconf 89' lang='lat' dir='ltr'>bantur,</span> <span class='ocrx_word' id='word_1_68' title='bbox 429 1253 509 1292; x_wconf 89' lang='lat' dir='ltr'>nuuc</span> <span class='ocrx_word' id='word_1_69' title='bbox 532 1235 623 1292; x_wconf 86' lang='lat' dir='ltr'>etiam</span> <span class='ocrx_word' id='word_1_70' title='bbox 647 1235 811 1303; x_wconf 76' lang='lat' dir='ltr'>solstitiali,</span> <span class='ocrx_word' id='word_1_71' title='bbox 836 1238 871 1292; x_wconf 90' lang='lat' dir='ltr'>ut</span> <span class='ocrx_word' id='word_1_72' title='bbox 893 1236 981 1304; x_wconf 88' lang='lat' dir='ltr'>ficus,</span> <span class='ocrx_word' id='word_1_73' title='bbox 1008 1236 1089 1310; x_wconf 93' lang='lat' dir='ltr'>quod</span> <span class='ocrx_word' id='word_1_74' title='bbox 1112 1236 1208 1292; x_wconf 90' lang='lat' dir='ltr'>densa</span> <span class='ocrx_word' id='word_1_75' title='bbox 1230 1236 1358 1293; x_wconf 82' lang='lat' dir='ltr'>materia</span> <span class='ocrx_word' id='word_1_76' title='bbox 1379 1253 1441 1294; x_wconf 92' lang='lat' dir='ltr'>non</span> <span class='ocrx_word' id='word_1_77' title='bbox 1464 1239 1564 1294; x_wconf 91' lang='lat' dir='ltr'>estet</span> 
     </span>
     <span class='ocr_line' id='line_1_10' title="bbox 285 1323 1563 1400; baseline 0 -18"><span class='ocrx_word' id='word_1_78' title='bbox 285 1325 352 1382; x_wconf 89' lang='lat' dir='ltr'>ideo</span> <span class='ocrx_word' id='word_1_79' title='bbox 388 1325 525 1398; x_wconf 89' lang='lat' dir='ltr'>sequitur</span> <span class='ocrx_word' id='word_1_80' title='bbox 557 1324 716 1381; x_wconf 90' lang='lat' dir='ltr'>caldorem.</span> <span class='ocrx_word' id='word_1_81' title='bbox 740 1343 760 1382; x_wconf 90' lang='lat' dir='ltr'>a</span> <span class='ocrx_word' id='word_1_82' title='bbox 783 1342 842 1400; x_wconf 91' lang='lat' dir='ltr'>quo</span> <span class='ocrx_word' id='word_1_83' title='bbox 866 1325 912 1397; x_wconf 75' lang='lat' dir='ltr'>rit,</span> <span class='ocrx_word' id='word_1_84' title='bbox 942 1327 978 1381; x_wconf 92' lang='lat' dir='ltr'>ut</span> <span class='ocrx_word' id='word_1_85' title='bbox 1006 1325 1039 1381; x_wconf 92' lang='lat' dir='ltr'>in</span> <span class='ocrx_word' id='word_1_86' title='bbox 1061 1324 1137 1382; x_wconf 89' lang='lat' dir='ltr'>locis</span> <span class='ocrx_word' id='word_1_87' title='bbox 1160 1323 1277 1398; x_wconf 83' lang='lat' dir='ltr'>frigidis</span> <span class='ocrx_word' id='word_1_88' title='bbox 1300 1325 1392 1382; x_wconf 85' lang='lat' dir='ltr'>ficeta</span> <span class='ocrx_word' id='word_1_89' title='bbox 1414 1325 1480 1383; x_wconf 84' lang='lat' dir='ltr'>fieri</span> <span class='ocrx_word' id='word_1_90' title='bbox 1502 1342 1563 1382; x_wconf 92' lang='lat' dir='ltr'>non</span> 
     </span>
     <span class='ocr_line' id='line_1_11' title="bbox 286 1407 1563 1492; baseline -0.001 -21"><span class='ocrx_word' id='word_1_91' title='bbox 286 1407 435 1488; x_wconf 83' lang='lat' dir='ltr'>possint“.</span> <span class='ocrx_word' id='word_1_92' title='bbox 482 1413 526 1469; x_wconf 79' lang='lat' dir='ltr'>Ex</span> <span class='ocrx_word' id='word_1_93' title='bbox 549 1412 597 1470; x_wconf 93' lang='lat' dir='ltr'>his</span> <span class='ocrx_word' id='word_1_94' title='bbox 622 1413 721 1470; x_wconf 87' lang='lat' dir='ltr'>verbis</span> <span class='ocrx_word' id='word_1_95' title='bbox 745 1413 973 1488; x_wconf 88' lang='lat' dir='ltr'>Theophrastea</span> <span class='ocrx_word' id='word_1_96' title='bbox 995 1431 1058 1471; x_wconf 94' lang='lat' dir='ltr'>non</span> <span class='ocrx_word' id='word_1_97' title='bbox 1080 1415 1154 1471; x_wconf 89' lang='lat' dir='ltr'>sunt</span> <span class='ocrx_word' id='word_1_98' title='bbox 1179 1431 1277 1492; x_wconf 84' lang='lat' dir='ltr'>„quae</span> <span class='ocrx_word' id='word_1_99' title='bbox 1301 1414 1384 1488; x_wconf 90' lang='lat' dir='ltr'>prius</span> <span class='ocrx_word' id='word_1_100' title='bbox 1408 1458 1414 1470; x_wconf 92' lang='lat'><strong>.</strong></span> <span class='ocrx_word' id='word_1_101' title='bbox 1439 1458 1445 1470; x_wconf 90' lang='lat'><strong>.</strong></span> <span class='ocrx_word' id='word_1_102' title='bbox 1471 1457 1477 1471; x_wconf 90' lang='lat'><strong>.</strong></span> <span class='ocrx_word' id='word_1_103' title='bbox 1501 1413 1563 1472; x_wconf 90' lang='lat' dir='ltr'>sol·</span> 
     </span>
     <span class='ocr_line' id='line_1_12' title="bbox 286 1501 1563 1576; baseline 0 -16"><span class='ocrx_word' id='word_1_104' title='bbox 286 1501 402 1568; x_wconf 83' lang='lat' dir='ltr'>stitiali,</span> <span class='ocrx_word' id='word_1_105' title='bbox 439 1503 474 1558; x_wconf 87' lang='lat' dir='ltr'>ut</span> <span class='ocrx_word' id='word_1_106' title='bbox 506 1501 615 1560; x_wconf 85' lang='lat' dir='ltr'>ficus“.</span> <span class='ocrx_word' id='word_1_107' title='bbox 663 1501 773 1560; x_wconf 83' lang='lat' dir='ltr'>Contra</span> <span class='ocrx_word' id='word_1_108' title='bbox 808 1502 953 1576; x_wconf 83' lang='lat' dir='ltr'>proxima,</span> <span class='ocrx_word' id='word_1_109' title='bbox 989 1519 1051 1560; x_wconf 93' lang='lat' dir='ltr'>non</span> <span class='ocrx_word' id='word_1_110' title='bbox 1084 1505 1148 1560; x_wconf 89' lang='lat' dir='ltr'>tam</span> <span class='ocrx_word' id='word_1_111' title='bbox 1183 1502 1222 1559; x_wconf 90' lang='lat' dir='ltr'>ad</span> <span class='ocrx_word' id='word_1_112' title='bbox 1256 1519 1346 1559; x_wconf 90' lang='lat' dir='ltr'>usum</span> <span class='ocrx_word' id='word_1_113' title='bbox 1379 1503 1563 1560; x_wconf 88' lang='lat' dir='ltr'>cotidianum</span> 
     </span>
     <span class='ocr_line' id='line_1_13' title="bbox 286 1589 1564 1666; baseline 0 -18"><span class='ocrx_word' id='word_1_114' title='bbox 286 1589 458 1664; x_wconf 79' lang='lat' dir='ltr'>spectantia</span> <span class='ocrx_word' id='word_1_115' title='bbox 492 1608 582 1665; x_wconf 85' lang='lat' dir='ltr'>quam</span> <span class='ocrx_word' id='word_1_116' title='bbox 618 1590 708 1649; x_wconf 89' lang='lat' dir='ltr'>huius</span> <span class='ocrx_word' id='word_1_117' title='bbox 743 1591 785 1648; x_wconf 89' lang='lat' dir='ltr'>rei</span> <span class='ocrx_word' id='word_1_118' title='bbox 820 1609 946 1648; x_wconf 89' lang='lat' dir='ltr'>oausam</span> <span class='ocrx_word' id='word_1_119' title='bbox 980 1591 1167 1666; x_wconf 87' lang='lat' dir='ltr'>indagantia,</span> <span class='ocrx_word' id='word_1_120' title='bbox 1204 1590 1445 1666; x_wconf 85' lang='lat' dir='ltr'>Theophrastum</span> <span class='ocrx_word' id='word_1_121' title='bbox 1475 1592 1564 1666; x_wconf 91' lang='lat' dir='ltr'>quasi</span> 
     </span>
     <span class='ocr_line' id='line_1_14' title="bbox 286 1677 1564 1758; baseline 0.003 -23"><span class='ocrx_word' id='word_1_122' title='bbox 286 1678 428 1746; x_wconf 86' lang='lat' dir='ltr'>redolent,</span> <span class='ocrx_word' id='word_1_123' title='bbox 454 1696 491 1736; x_wconf 91' lang='lat' dir='ltr'>ex</span> <span class='ocrx_word' id='word_1_124' title='bbox 515 1697 575 1754; x_wconf 93' lang='lat' dir='ltr'>quo</span> <span class='ocrx_word' id='word_1_125' title='bbox 599 1697 704 1738; x_wconf 88' lang='lat' dir='ltr'>revera</span> <span class='ocrx_word' id='word_1_126' title='bbox 725 1680 887 1737; x_wconf 89' lang='lat' dir='ltr'>fluxerunt.</span> <span class='ocrx_word' id='word_1_127' title='bbox 932 1679 1054 1755; x_wconf 86' lang='lat' dir='ltr'>Legitur</span> <span class='ocrx_word' id='word_1_128' title='bbox 1076 1680 1155 1738; x_wconf 90' lang='lat' dir='ltr'>enim</span> <span class='ocrx_word' id='word_1_129' title='bbox 1178 1698 1202 1737; x_wconf 91' lang='lat' dir='ltr'>c.</span> <span class='ocrx_word' id='word_1_130' title='bbox 1220 1679 1385 1754; x_wconf 86' lang='lat' dir='ltr'>pl.18,4:</span> <span class='ocrx_word' id='word_1_131' title='bbox 1416 1677 1477 1757; x_wconf 82' lang='grc' dir='ltr'><strong><em>ῥόα</em></strong></span> <span class='ocrx_word' id='word_1_132' title='bbox 1504 1677 1564 1758; x_wconf 75' lang='grc' dir='ltr'>μὲν</span> 
     </span>
    </p>
   </div>
   <div class='ocr_carea' id='block_1_3' title="bbox 286 1763 1668 1847">
    <p class='ocr_par' dir='ltr' id='par_1_4' title="bbox 286 1763 1668 1847">
     <span class='ocr_line' id='line_1_15' title="bbox 286 1763 1668 1847; baseline 0.001 -21"><span class='ocrx_word' id='word_1_133' title='bbox 286 1763 346 1844; x_wconf 82' lang='grc' dir='ltr'>γὰρ</span> <span class='ocrx_word' id='word_1_134' title='bbox 370 1763 424 1827; x_wconf 82' lang='grc' dir='ltr'><strong><em>καὶ</em></strong></span> <span class='ocrx_word' id='word_1_135' title='bbox 446 1770 529 1846; x_wconf 88' lang='grc' dir='ltr'><strong><em>συκῆ</em></strong></span> <span class='ocrx_word' id='word_1_136' title='bbox 551 1766 604 1827; x_wconf 88' lang='grc' dir='ltr'><strong><em>καὶ</em></strong></span> <span class='ocrx_word' id='word_1_137' title='bbox 628 1766 769 1846; x_wconf 79' lang='grc' dir='ltr'><em>ἄμπελος</em></span> <span class='ocrx_word' id='word_1_138' title='bbox 791 1766 920 1847; x_wconf 78' lang='grc' dir='ltr'><strong><em>εὐαυξῆ,</em></strong></span> <span class='ocrx_word' id='word_1_139' title='bbox 942 1768 1049 1847; x_wconf 74' lang='grc' dir='ltr'><strong><em>φοῖνιξ</em></strong></span> <span class='ocrx_word' id='word_1_140' title='bbox 1064 1765 1099 1828; x_wconf 78' lang='grc' dir='ltr'>δὲ</span> <span class='ocrx_word' id='word_1_141' title='bbox 1114 1765 1169 1827; x_wconf 80' lang='grc' dir='ltr'><strong><em>καὶ</em></strong></span> <span class='ocrx_word' id='word_1_142' title='bbox 1183 1765 1372 1846; x_wconf 83' lang='grc' dir='ltr'><strong><em>κυπάριττος</em></strong></span> <span class='ocrx_word' id='word_1_143' title='bbox 1386 1766 1440 1827; x_wconf 84' lang='grc' dir='ltr'><strong><em>καὶ</em></strong></span> <span class='ocrx_word' id='word_1_144' title='bbox 1456 1765 1563 1847; x_wconf 77' lang='grc' dir='ltr'><strong><em>δάφνη</em></strong></span> <span class='ocrx_word' id='word_1_145' title='bbox 1663 1779 1668 1786; x_wconf 82' lang='grc'>’</span> 
     </span>
    </p>
   </div>
   <div class='ocr_carea' id='block_1_4' title="bbox 282 1853 1564 4514">
    <p class='ocr_par' dir='ltr' id='par_1_5' title="bbox 283 1853 1564 2625">
     <span class='ocr_line' id='line_1_16' title="bbox 285 1853 1564 1937; baseline 0.002 -23"><span class='ocrx_word' id='word_1_146' title='bbox 285 1853 338 1915; x_wconf 82' lang='grc' dir='ltr'><strong><em>καὶ</em></strong></span> <span class='ocrx_word' id='word_1_147' title='bbox 372 1853 473 1935; x_wconf 82' lang='grc' dir='ltr'><em>πεύκη</em></span> <span class='ocrx_word' id='word_1_148' title='bbox 505 1854 560 1916; x_wconf 83' lang='grc' dir='ltr'><strong><em>καὶ</em></strong></span> <span class='ocrx_word' id='word_1_149' title='bbox 593 1854 668 1917; x_wconf 82' lang='grc' dir='ltr'><strong><em>ἐλάα</em></strong></span> <span class='ocrx_word' id='word_1_150' title='bbox 700 1855 850 1937; x_wconf 83' lang='grc' dir='ltr'><strong><em>ὐυσαυξῆ.</em></strong></span> <span class='ocrx_word' id='word_1_151' title='bbox 897 1858 942 1915; x_wconf 86' lang='lat' dir='ltr'>lla</span> <span class='ocrx_word' id='word_1_152' title='bbox 964 1861 1075 1924; x_wconf 91' lang='lat' dir='ltr'>autem,</span> <span class='ocrx_word' id='word_1_153' title='bbox 1107 1875 1186 1932; x_wconf 91' lang='lat' dir='ltr'>quae</span> <span class='ocrx_word' id='word_1_154' title='bbox 1215 1854 1336 1936; x_wconf 84' lang='grc' dir='ltr'><strong><em>εὐαυξῆ</em></strong></span> <span class='ocrx_word' id='word_1_155' title='bbox 1366 1861 1448 1926; x_wconf 87' lang='lat' dir='ltr'>sunt,</span> <span class='ocrx_word' id='word_1_156' title='bbox 1473 1858 1564 1916; x_wconf 90' lang='lat' dir='ltr'>simul</span> 
     </span>
     <span class='ocr_line' id='line_1_17' title="bbox 285 1943 1562 2023; baseline 0.002 -21"><span class='ocrx_word' id='word_1_157' title='bbox 285 1963 353 2002; x_wconf 86' lang='lat' dir='ltr'>esse</span> <span class='ocrx_word' id='word_1_158' title='bbox 376 1943 471 2023; x_wconf 87' lang='grc' dir='ltr'><strong><em>μανά,</em></strong></span> <span class='ocrx_word' id='word_1_159' title='bbox 497 1946 527 2003; x_wconf 93' lang='lat' dir='ltr'>id</span> <span class='ocrx_word' id='word_1_160' title='bbox 561 1949 608 2004; x_wconf 91' lang='lat' dir='ltr'>est</span> <span class='ocrx_word' id='word_1_161' title='bbox 637 1947 741 2004; x_wconf 88' lang='lat' dir='ltr'>mollia</span> <span class='ocrx_word' id='word_1_162' title='bbox 763 1948 812 2005; x_wconf 90' lang='lat' dir='ltr'>vel</span> <span class='ocrx_word' id='word_1_163' title='bbox 839 1965 919 2017; x_wconf 90' lang='lat' dir='ltr'>,non</span> <span class='ocrx_word' id='word_1_164' title='bbox 942 1947 1056 2004; x_wconf 74' lang='lat' dir='ltr'>densa‘</span> <span class='ocrx_word' id='word_1_165' title='bbox 1084 1949 1114 2004; x_wconf 92' lang='lat' dir='ltr'>et</span> <span class='ocrx_word' id='word_1_166' title='bbox 1136 1946 1260 2004; x_wconf 92' lang='lat' dir='ltr'>humida</span> <span class='ocrx_word' id='word_1_167' title='bbox 1283 1947 1381 2004; x_wconf 90' lang='lat' dir='ltr'>elucet</span> <span class='ocrx_word' id='word_1_168' title='bbox 1403 1964 1441 2004; x_wconf 86' lang='lat' dir='ltr'>ex</span> <span class='ocrx_word' id='word_1_169' title='bbox 1462 1947 1562 2005; x_wconf 86' lang='lat' dir='ltr'>verbis</span> 
     </span>
     <span class='ocr_line' id='line_1_18' title="bbox 286 2031 1562 2115; baseline 0.003 -24"><span class='ocrx_word' id='word_1_170' title='bbox 286 2035 533 2092; x_wconf 76' lang='lat' dir='ltr'>antecedentibus</span> <span class='ocrx_word' id='word_1_171' title='bbox 558 2031 575 2114; x_wconf 68' lang='grc' dir='ltr'>ξ</span> <span class='ocrx_word' id='word_1_172' title='bbox 593 2036 628 2093; x_wconf 87' lang='lat'>3:</span> <span class='ocrx_word' id='word_1_173' title='bbox 660 2038 791 2115; x_wconf 83' lang='grc' dir='ltr'><strong><em>σημεῖον</em></strong></span> <span class='ocrx_word' id='word_1_174' title='bbox 816 2033 850 2096; x_wconf 79' lang='grc' dir='ltr'>δὲ</span> <span class='ocrx_word' id='word_1_175' title='bbox 873 2032 927 2094; x_wconf 83' lang='grc' dir='ltr'><strong><em>καὶ</em></strong></span> <span class='ocrx_word' id='word_1_176' title='bbox 953 2031 987 2095; x_wconf 81' lang='grc' dir='ltr'><strong><em>τὸ</em></strong></span> <span class='ocrx_word' id='word_1_177' title='bbox 1009 2031 1089 2095; x_wconf 87' lang='grc' dir='ltr'><strong><em>κατὰ</em></strong></span> <span class='ocrx_word' id='word_1_178' title='bbox 1112 2031 1184 2102; x_wconf 86' lang='grc' dir='ltr'>τούς</span> <span class='ocrx_word' id='word_1_179' title='bbox 1206 2031 1325 2102; x_wconf 82' lang='grc' dir='ltr'><strong><em>τόπους</em></strong></span> <span class='ocrx_word' id='word_1_180' title='bbox 1347 2032 1402 2095; x_wconf 83' lang='grc' dir='ltr'><strong><em>καλ</em></strong></span> <span class='ocrx_word' id='word_1_181' title='bbox 1422 2031 1478 2102; x_wconf 86' lang='grc' dir='ltr'><strong><em>τὰς</em></strong></span> <span class='ocrx_word' id='word_1_182' title='bbox 1500 2056 1562 2114; x_wconf 81' lang='grc' dir='ltr'>φυ-</span> 
     </span>
     <span class='ocr_line' id='line_1_19' title="bbox 284 2119 1563 2202; baseline 0.002 -21"><span class='ocrx_word' id='word_1_183' title='bbox 284 2121 366 2190; x_wconf 83' lang='grc' dir='ltr'><strong><em>τείας</em></strong></span> <span class='ocrx_word' id='word_1_184' title='bbox 396 2121 589 2201; x_wconf 81' lang='grc' dir='ltr'><strong><em>συμβαῖνον·</em></strong></span> <span class='ocrx_word' id='word_1_185' title='bbox 607 2121 640 2184; x_wconf 85' lang='grc' dir='ltr'>ἒν</span> <span class='ocrx_word' id='word_1_186' title='bbox 669 2121 730 2202; x_wconf 85' lang='grc' dir='ltr'>μὲν</span> <span class='ocrx_word' id='word_1_187' title='bbox 760 2119 821 2202; x_wconf 79' lang='grc' dir='ltr'>γὰρ</span> <span class='ocrx_word' id='word_1_188' title='bbox 851 2128 915 2190; x_wconf 89' lang='grc' dir='ltr'><strong><em>τοῖς</em></strong></span> <span class='ocrx_word' id='word_1_189' title='bbox 945 2121 1107 2191; x_wconf 83' lang='grc' dir='ltr'><strong><em>εὐύτεινοῖς</em></strong></span> <span class='ocrx_word' id='word_1_190' title='bbox 1136 2121 1191 2184; x_wconf 85' lang='grc' dir='ltr'><strong><em>καλ</em></strong></span> <span class='ocrx_word' id='word_1_191' title='bbox 1213 2121 1434 2202; x_wconf 74' lang='grc' dir='ltr'><strong><em>ἀπνευμάτοις,</em></strong></span> <span class='ocrx_word' id='word_1_192' title='bbox 1462 2121 1563 2184; x_wconf 76' lang='grc' dir='ltr'><strong><em>ἔτιδὲ</em></strong></span> 
     </span>
     <span class='ocr_line' id='line_1_20' title="bbox 285 2209 1562 2293; baseline 0.001 -22"><span class='ocrx_word' id='word_1_193' title='bbox 285 2209 361 2271; x_wconf 88' lang='grc' dir='ltr'><strong><em>ὅταν</em></strong></span> <span class='ocrx_word' id='word_1_194' title='bbox 384 2210 403 2290; x_wconf 81' lang='grc' dir='ltr'><em>ἡ</em></span> <span class='ocrx_word' id='word_1_195' title='bbox 429 2211 538 2291; x_wconf 81' lang='grc' dir='ltr'><strong><em>φυτεία</em></strong></span> <span class='ocrx_word' id='word_1_196' title='bbox 561 2211 677 2291; x_wconf 84' lang='grc' dir='ltr'><strong><em>πυκνή,</em></strong></span> <span class='ocrx_word' id='word_1_197' title='bbox 701 2211 820 2293; x_wconf 81' lang='grc' dir='ltr'><strong><em>εὐαυξῆ</em></strong></span> <span class='ocrx_word' id='word_1_198' title='bbox 842 2210 903 2291; x_wconf 77' lang='grc' dir='ltr'>μὲν</span> <span class='ocrx_word' id='word_1_199' title='bbox 917 2210 955 2272; x_wconf 86' lang='grc' dir='ltr'><strong><em>τὰ</em></strong></span> <span class='ocrx_word' id='word_1_200' title='bbox 972 2210 1097 2292; x_wconf 81' lang='grc' dir='ltr'><strong><em>ὐένύρα,</em></strong></span> <span class='ocrx_word' id='word_1_201' title='bbox 1112 2210 1200 2292; x_wconf 83' lang='grc' dir='ltr'><strong><em>μανὰ</em></strong></span> <span class='ocrx_word' id='word_1_202' title='bbox 1217 2209 1252 2272; x_wconf 78' lang='grc' dir='ltr'>δὲ</span> <span class='ocrx_word' id='word_1_203' title='bbox 1266 2210 1321 2272; x_wconf 82' lang='grc' dir='ltr'><strong><em>καλ</em></strong></span> <span class='ocrx_word' id='word_1_204' title='bbox 1335 2210 1417 2291; x_wconf 84' lang='grc' dir='ltr'><strong><em>ὐγρὰ</em></strong></span> <span class='ocrx_word' id='word_1_205' title='bbox 1432 2211 1562 2291; x_wconf 83' lang='grc' dir='ltr'><strong><em>μᾶλλον.</em></strong></span> 
     </span>
     <span class='ocr_line' id='line_1_21' title="bbox 285 2297 1563 2382; baseline 0.002 -23"><span class='ocrx_word' id='word_1_206' title='bbox 285 2298 319 2360; x_wconf 79' lang='grc' dir='ltr'>ἐν</span> <span class='ocrx_word' id='word_1_207' title='bbox 343 2297 378 2360; x_wconf 80' lang='grc' dir='ltr'>δὲ</span> <span class='ocrx_word' id='word_1_208' title='bbox 399 2303 465 2367; x_wconf 88' lang='grc' dir='ltr'><strong><em>τοῖς</em></strong></span> <span class='ocrx_word' id='word_1_209' title='bbox 487 2299 802 2380; x_wconf 72' lang='grc' dir='ltr'><strong><em>πνευματώύεοίκαλ</em></strong></span> <span class='ocrx_word' id='word_1_210' title='bbox 820 2305 959 2382; x_wconf 83' lang='grc' dir='ltr'><strong><em>ψυχροῖς</em></strong></span> <span class='ocrx_word' id='word_1_211' title='bbox 980 2300 1035 2363; x_wconf 83' lang='grc' dir='ltr'><strong><em>καὶ</em></strong></span> <span class='ocrx_word' id='word_1_212' title='bbox 1056 2306 1093 2382; x_wconf 82' lang='grc' dir='ltr'><strong><em>τῇ</em></strong></span> <span class='ocrx_word' id='word_1_213' title='bbox 1109 2300 1221 2381; x_wconf 78' lang='grc' dir='ltr'><strong><em>φυτεία</em></strong></span> <span class='ocrx_word' id='word_1_214' title='bbox 1243 2305 1330 2382; x_wconf 83' lang='grc' dir='ltr'><strong><em>μανῆ</em></strong></span> <span class='ocrx_word' id='word_1_215' title='bbox 1353 2299 1563 2380; x_wconf 85' lang='grc' dir='ltr'><strong><em>ἀναυξέστερα</em></strong></span> 
     </span>
     <span class='ocr_line' id='line_1_22' title="bbox 283 2385 1563 2470; baseline 0 -22"><span class='ocrx_word' id='word_1_216' title='bbox 283 2385 355 2468; x_wconf 83' lang='grc' dir='ltr'><strong><em>μὲν,</em></strong></span> <span class='ocrx_word' id='word_1_217' title='bbox 385 2387 564 2468; x_wconf 85' lang='grc' dir='ltr'><strong><em>πυκνότερα</em></strong></span> <span class='ocrx_word' id='word_1_218' title='bbox 596 2387 631 2450; x_wconf 78' lang='grc' dir='ltr'>δὲ</span> <span class='ocrx_word' id='word_1_219' title='bbox 660 2388 714 2451; x_wconf 87' lang='grc' dir='ltr'><strong><em>καλ</em></strong></span> <span class='ocrx_word' id='word_1_220' title='bbox 737 2389 901 2470; x_wconf 81' lang='grc' dir='ltr'><strong><em>ξηρότερα,</em></strong></span> <span class='ocrx_word' id='word_1_221' title='bbox 923 2424 968 2434; x_wconf 86' lang='lat'>—</span> <span class='ocrx_word' id='word_1_222' title='bbox 990 2392 1091 2450; x_wconf 88' lang='lat' dir='ltr'>Verba</span> <span class='ocrx_word' id='word_1_223' title='bbox 1116 2411 1156 2467; x_wconf 81' lang='lat' dir='ltr'>„a</span> <span class='ocrx_word' id='word_1_224' title='bbox 1179 2409 1239 2466; x_wconf 91' lang='lat' dir='ltr'>quo</span> <span class='ocrx_word' id='word_1_225' title='bbox 1261 2391 1299 2448; x_wconf 87' lang='lat' dir='ltr'>fit</span> <span class='ocrx_word' id='word_1_226' title='bbox 1322 2434 1328 2448; x_wconf 93' lang='lat'>.</span> <span class='ocrx_word' id='word_1_227' title='bbox 1353 2435 1359 2448; x_wconf 94' lang='lat'><strong>.</strong></span> <span class='ocrx_word' id='word_1_228' title='bbox 1384 2435 1390 2448; x_wconf 94' lang='lat'><em>.</em></span> <span class='ocrx_word' id='word_1_229' title='bbox 1414 2391 1479 2448; x_wconf 85' lang='lat' dir='ltr'>fieri</span> <span class='ocrx_word' id='word_1_230' title='bbox 1502 2408 1563 2449; x_wconf 92' lang='lat' dir='ltr'>non</span> 
     </span>
     <span class='ocr_line' id='line_1_23' title="bbox 286 2479 1563 2554; baseline 0.002 -18"><span class='ocrx_word' id='word_1_231' title='bbox 286 2479 424 2553; x_wconf 84' lang='lat' dir='ltr'>possint“</span> <span class='ocrx_word' id='word_1_232' title='bbox 451 2479 545 2537; x_wconf 87' lang='lat' dir='ltr'>Varro</span> <span class='ocrx_word' id='word_1_233' title='bbox 576 2480 659 2538; x_wconf 92' lang='lat' dir='ltr'>nullo</span> <span class='ocrx_word' id='word_1_234' title='bbox 690 2480 810 2554; x_wconf 87' lang='lat' dir='ltr'>negotio</span> <span class='ocrx_word' id='word_1_235' title='bbox 835 2480 871 2537; x_wconf 92' lang='lat' dir='ltr'>de</span> <span class='ocrx_word' id='word_1_236' title='bbox 903 2498 960 2539; x_wconf 86' lang='lat' dir='ltr'>suo</span> <span class='ocrx_word' id='word_1_237' title='bbox 992 2481 1101 2538; x_wconf 87' lang='lat' dir='ltr'>addere</span> <span class='ocrx_word' id='word_1_238' title='bbox 1128 2480 1235 2554; x_wconf 93' lang='lat' dir='ltr'>potuit</span> <span class='ocrx_word' id='word_1_239' title='bbox 1283 2480 1361 2537; x_wconf 84' lang='lat' dir='ltr'>Sunt</span> <span class='ocrx_word' id='word_1_240' title='bbox 1383 2480 1462 2537; x_wconf 92' lang='lat' dir='ltr'>enim</span> <span class='ocrx_word' id='word_1_241' title='bbox 1485 2480 1563 2538; x_wconf 91' lang='lat' dir='ltr'>satis</span> 
     </span>
     <span class='ocr_line' id='line_1_24' title="bbox 285 2567 366 2625; baseline 0.012 -1"><span class='ocrx_word' id='word_1_242' title='bbox 285 2567 366 2625; x_wconf 87' lang='lat' dir='ltr'>vilia.</span> 
     </span>
    </p>

    <p class='ocr_par' dir='ltr' id='par_1_6' title="bbox 283 2657 1564 3443">
     <span class='ocr_line' id='line_1_25' title="bbox 392 2657 1562 2732; baseline 0.001 -18"><span class='ocrx_word' id='word_1_243' title='bbox 392 2658 474 2728; x_wconf 82' lang='lat' dir='ltr'>Quae</span> <span class='ocrx_word' id='word_1_244' title='bbox 509 2660 684 2732; x_wconf 90' lang='lat' dir='ltr'>sequuntur,</span> <span class='ocrx_word' id='word_1_245' title='bbox 720 2659 903 2716; x_wconf 89' lang='lat' dir='ltr'>verbotenus</span> <span class='ocrx_word' id='word_1_246' title='bbox 937 2657 998 2716; x_wconf 87' lang='lat' dir='ltr'>iere</span> <span class='ocrx_word' id='word_1_247' title='bbox 1031 2659 1184 2716; x_wconf 89' lang='lat' dir='ltr'>translata</span> <span class='ocrx_word' id='word_1_248' title='bbox 1217 2660 1297 2716; x_wconf 88' lang='lat' dir='ltr'>suut</span> <span class='ocrx_word' id='word_1_249' title='bbox 1355 2658 1562 2731; x_wconf 83' lang='lat' dir='ltr'>Theophrasto</span> 
     </span>
     <span class='ocr_line' id='line_1_26' title="bbox 284 2743 1562 2825; baseline 0.002 -24"><span class='ocrx_word' id='word_1_250' title='bbox 284 2745 363 2802; x_wconf 88' lang='lat' dir='ltr'>enirn</span> <span class='ocrx_word' id='word_1_251' title='bbox 388 2763 411 2802; x_wconf 91' lang='grc' dir='ltr'>ο.</span> <span class='ocrx_word' id='word_1_252' title='bbox 428 2747 466 2820; x_wconf 93' lang='lat' dir='ltr'>pl.</span> <span class='ocrx_word' id='word_1_253' title='bbox 483 2747 495 2803; x_wconf 93' lang='lat' dir='ltr'>l</span> <span class='ocrx_word' id='word_1_254' title='bbox 512 2747 540 2815; x_wconf 87' lang='grc'>6,</span> <span class='ocrx_word' id='word_1_255' title='bbox 557 2747 591 2804; x_wconf 84' lang='lat'>6:</span> <span class='ocrx_word' id='word_1_256' title='bbox 615 2743 650 2806; x_wconf 86' lang='grc' dir='ltr'><strong><em>τὸ</em></strong></span> <span class='ocrx_word' id='word_1_257' title='bbox 674 2743 703 2805; x_wconf 78' lang='grc' dir='ltr'>δ’</span> <span class='ocrx_word' id='word_1_258' title='bbox 727 2743 818 2823; x_wconf 76' lang='grc' dir='ltr'><strong><em>ὐύανρ</em></strong></span> <span class='ocrx_word' id='word_1_259' title='bbox 843 2743 871 2820; x_wconf 90' lang='lat' dir='ltr'>(i.</span> <span class='ocrx_word' id='word_1_260' title='bbox 895 2765 919 2804; x_wconf 91' lang='lat' dir='ltr'>e.</span> <span class='ocrx_word' id='word_1_261' title='bbox 944 2746 1059 2823; x_wconf 74' lang='lat' dir='ltr'>pluvia)</span> <span class='ocrx_word' id='word_1_262' title='bbox 1081 2749 1128 2825; x_wconf 85' lang='grc' dir='ltr'><strong><em>τῷ</em></strong></span> <span class='ocrx_word' id='word_1_263' title='bbox 1150 2743 1210 2824; x_wconf 77' lang='grc' dir='ltr'>μὲν</span> <span class='ocrx_word' id='word_1_264' title='bbox 1232 2743 1488 2825; x_wconf 77' lang='grc' dir='ltr'><strong><em>ἑνοφύαλμισμῷ</em></strong></span> <span class='ocrx_word' id='word_1_265' title='bbox 1502 2766 1562 2805; x_wconf 89' lang='grc' dir='ltr'>πο-</span> 
     </span>
     <span class='ocr_line' id='line_1_27' title="bbox 284 2831 1563 2913; baseline 0.001 -20"><span class='ocrx_word' id='word_1_266' title='bbox 284 2831 402 2912; x_wconf 76' lang='grc' dir='ltr'><strong><em>λέμιον,</em></strong></span> <span class='ocrx_word' id='word_1_267' title='bbox 426 2832 555 2913; x_wconf 80' lang='grc' dir='ltr'><strong><em>ἐκσήντει</em></strong></span> <span class='ocrx_word' id='word_1_268' title='bbox 577 2831 639 2913; x_wconf 84' lang='grc' dir='ltr'>γὰρ</span> <span class='ocrx_word' id='word_1_269' title='bbox 661 2831 715 2894; x_wconf 83' lang='grc' dir='ltr'><strong><em>καί</em></strong></span> <span class='ocrx_word' id='word_1_270' title='bbox 738 2831 891 2895; x_wconf 79' lang='grc' dir='ltr'><strong><em>ἀπόλλυσι</em></strong></span> <span class='ocrx_word' id='word_1_271' title='bbox 913 2834 1097 2913; x_wconf 79' lang='grc' dir='ltr'><strong><em>παραρρέον</em></strong></span> <span class='ocrx_word' id='word_1_272' title='bbox 1121 2831 1172 2895; x_wconf 80' lang='grc' dir='ltr'>διὰ</span> <span class='ocrx_word' id='word_1_273' title='bbox 1194 2831 1252 2913; x_wconf 84' lang='grc' dir='ltr'><strong><em>τὴν</em></strong></span> <span class='ocrx_word' id='word_1_274' title='bbox 1275 2833 1461 2896; x_wconf 75' lang='grc' dir='ltr'><strong><em>ἀσθένειαν·</em></strong></span> <span class='ocrx_word' id='word_1_275' title='bbox 1479 2831 1519 2895; x_wconf 78' lang='grc' dir='ltr'>δι’</span> <span class='ocrx_word' id='word_1_276' title='bbox 1544 2833 1563 2894; x_wconf 90' lang='grc' dir='ltr'><strong><em>ὃ</em></strong></span> 
     </span>
     <span class='ocr_line' id='line_1_28' title="bbox 283 2919 1563 3003; baseline -0.001 -21"><span class='ocrx_word' id='word_1_277' title='bbox 283 2920 338 2982; x_wconf 82' lang='grc' dir='ltr'><strong><em>καὶ</em></strong></span> <span class='ocrx_word' id='word_1_278' title='bbox 361 2920 412 2982; x_wconf 80' lang='grc' dir='ltr'>ἐπὶ</span> <span class='ocrx_word' id='word_1_279' title='bbox 434 2921 507 2984; x_wconf 85' lang='grc' dir='ltr'><strong><em>κυνὶ</em></strong></span> <span class='ocrx_word' id='word_1_280' title='bbox 530 2921 623 2984; x_wconf 78' lang='grc' dir='ltr'><strong><em>δοκεῖ</em></strong></span> <span class='ocrx_word' id='word_1_281' title='bbox 642 2920 876 3002; x_wconf 76' lang='grc' dir='ltr'><strong><em>ἀσφαλέστατος</em></strong></span> <span class='ocrx_word' id='word_1_282' title='bbox 899 2919 986 3003; x_wconf 71' lang='grc' dir='ltr'><strong><em>εἶναι,</em></strong></span> <span class='ocrx_word' id='word_1_283' title='bbox 1010 2925 1049 2982; x_wconf 89' lang='lat' dir='ltr'>ad</span> <span class='ocrx_word' id='word_1_284' title='bbox 1072 2926 1197 2982; x_wconf 84' lang='lat' dir='ltr'>verbum</span> <span class='ocrx_word' id='word_1_285' title='bbox 1211 2925 1274 2982; x_wconf 87' lang='lat' dir='ltr'>fere</span> <span class='ocrx_word' id='word_1_286' title='bbox 1289 2925 1474 2999; x_wconf 79' lang='lat' dir='ltr'>respondent</span> <span class='ocrx_word' id='word_1_287' title='bbox 1487 2925 1563 2981; x_wconf 90' lang='lat' dir='ltr'>haec</span> 
     </span>
     <span class='ocr_line' id='line_1_29' title="bbox 284 3011 1562 3091; baseline 0.002 -23"><span class='ocrx_word' id='word_1_288' title='bbox 284 3011 445 3074; x_wconf 88' lang='lat' dir='ltr'>Varronis:</span> <span class='ocrx_word' id='word_1_289' title='bbox 472 3031 574 3091; x_wconf 87' lang='lat' dir='ltr'>„aqua</span> <span class='ocrx_word' id='word_1_290' title='bbox 597 3013 707 3070; x_wconf 89' lang='lat' dir='ltr'>recenti</span> <span class='ocrx_word' id='word_1_291' title='bbox 730 3013 823 3070; x_wconf 86' lang='lat' dir='ltr'>insito</span> <span class='ocrx_word' id='word_1_292' title='bbox 846 3013 985 3071; x_wconf 91' lang='lat' dir='ltr'>inimica:</span> <span class='ocrx_word' id='word_1_293' title='bbox 1015 3013 1159 3071; x_wconf 89' lang='lat' dir='ltr'>tenellum</span> <span class='ocrx_word' id='word_1_294' title='bbox 1182 3013 1261 3070; x_wconf 90' lang='lat' dir='ltr'>enim</span> <span class='ocrx_word' id='word_1_295' title='bbox 1285 3013 1345 3071; x_wconf 83' lang='lat' dir='ltr'>cito</span> <span class='ocrx_word' id='word_1_296' title='bbox 1368 3013 1444 3071; x_wconf 88' lang='lat' dir='ltr'>iacit</span> <span class='ocrx_word' id='word_1_297' title='bbox 1466 3016 1562 3087; x_wconf 93' lang='lat' dir='ltr'>putre,</span> 
     </span>
     <span class='ocr_line' id='line_1_30' title="bbox 284 3099 1563 3176; baseline 0.002 -18"><span class='ocrx_word' id='word_1_298' title='bbox 284 3101 389 3176; x_wconf 88' lang='lat' dir='ltr'>itaque</span> <span class='ocrx_word' id='word_1_299' title='bbox 412 3101 568 3160; x_wconf 89' lang='lat' dir='ltr'>caniculae</span> <span class='ocrx_word' id='word_1_300' title='bbox 592 3102 679 3176; x_wconf 89' lang='lat' dir='ltr'>signo</span> <span class='ocrx_word' id='word_1_301' title='bbox 704 3101 945 3160; x_wconf 85' lang='lat' dir='ltr'>commodissime</span> <span class='ocrx_word' id='word_1_302' title='bbox 969 3102 1160 3160; x_wconf 82' lang='lat' dir='ltr'>existimatur</span> <span class='ocrx_word' id='word_1_303' title='bbox 1183 3120 1220 3160; x_wconf 91' lang='lat' dir='ltr'>ea</span> <span class='ocrx_word' id='word_1_304' title='bbox 1240 3099 1364 3160; x_wconf 85' lang='lat' dir='ltr'>inseri“.</span> <span class='ocrx_word' id='word_1_305' title='bbox 1410 3102 1492 3159; x_wconf 90' lang='lat' dir='ltr'>Nihil</span> <span class='ocrx_word' id='word_1_306' title='bbox 1514 3101 1563 3160; x_wconf 90' lang='lat' dir='ltr'>his</span> 
     </span>
     <span class='ocr_line' id='line_1_31' title="bbox 284 3190 1563 3266; baseline 0 -19"><span class='ocrx_word' id='word_1_307' title='bbox 284 3191 316 3248; x_wconf 91' lang='lat' dir='ltr'>in</span> <span class='ocrx_word' id='word_1_308' title='bbox 338 3191 439 3249; x_wconf 86' lang='lat' dir='ltr'>verbis</span> <span class='ocrx_word' id='word_1_309' title='bbox 462 3209 520 3249; x_wconf 89' lang='lat' dir='ltr'>nos</span> <span class='ocrx_word' id='word_1_310' title='bbox 544 3191 672 3248; x_wconf 79' lang='lat' dir='ltr'>offendit</span> <span class='ocrx_word' id='word_1_311' title='bbox 694 3191 753 3248; x_wconf 91' lang='lat' dir='ltr'>nisi</span> <span class='ocrx_word' id='word_1_312' title='bbox 777 3191 817 3259; x_wconf 89' lang='lat' dir='ltr'>id,</span> <span class='ocrx_word' id='word_1_313' title='bbox 843 3191 924 3266; x_wconf 91' lang='lat' dir='ltr'>quod</span> <span class='ocrx_word' id='word_1_314' title='bbox 948 3192 1043 3248; x_wconf 90' lang='lat' dir='ltr'>Varro</span> <span class='ocrx_word' id='word_1_315' title='bbox 1067 3194 1122 3249; x_wconf 90' lang='lat' dir='ltr'>aut</span> <span class='ocrx_word' id='word_1_316' title='bbox 1143 3190 1319 3266; x_wconf 89' lang='lat' dir='ltr'>Diophanes</span> <span class='ocrx_word' id='word_1_317' title='bbox 1342 3191 1421 3248; x_wconf 88' lang='lat' dir='ltr'>male</span> <span class='ocrx_word' id='word_1_318' title='bbox 1444 3191 1563 3248; x_wconf 86' lang='lat' dir='ltr'>intelle-</span> 
     </span>
     <span class='ocr_line' id='line_1_32' title="bbox 284 3279 1564 3360; baseline -0.001 -23"><span class='ocrx_word' id='word_1_319' title='bbox 284 3297 359 3354; x_wconf 87' lang='lat' dir='ltr'>gens</span> <span class='ocrx_word' id='word_1_320' title='bbox 384 3299 430 3360; x_wconf 82' lang='lat' dir='ltr'>ea,</span> <span class='ocrx_word' id='word_1_321' title='bbox 456 3297 534 3355; x_wconf 90' lang='lat' dir='ltr'>quae</span> <span class='ocrx_word' id='word_1_322' title='bbox 558 3282 664 3338; x_wconf 89' lang='lat' dir='ltr'>auctor</span> <span class='ocrx_word' id='word_1_323' title='bbox 687 3279 766 3339; x_wconf 89' lang='lat' dir='ltr'>siout</span> <span class='ocrx_word' id='word_1_324' title='bbox 788 3281 1016 3355; x_wconf 85' lang='lat' dir='ltr'>Theophrastus</span> <span class='ocrx_word' id='word_1_325' title='bbox 1040 3283 1119 3338; x_wconf 88' lang='lat' dir='ltr'>certe</span> <span class='ocrx_word' id='word_1_326' title='bbox 1142 3281 1178 3337; x_wconf 91' lang='lat' dir='ltr'>de</span> <span class='ocrx_word' id='word_1_327' title='bbox 1201 3283 1335 3354; x_wconf 87' lang='lat' dir='ltr'>tempore</span> <span class='ocrx_word' id='word_1_328' title='bbox 1358 3279 1508 3352; x_wconf 87' lang='lat' dir='ltr'>inserendi</span> <span class='ocrx_word' id='word_1_329' title='bbox 1530 3279 1564 3336; x_wconf 93' lang='lat' dir='ltr'>in</span> 
     </span>
     <span class='ocr_line' id='line_1_33' title="bbox 284 3369 1057 3443; baseline -0.001 -17"><span class='ocrx_word' id='word_1_330' title='bbox 284 3369 459 3426; x_wconf 90' lang='lat' dir='ltr'>universum</span> <span class='ocrx_word' id='word_1_331' title='bbox 482 3369 616 3443; x_wconf 89' lang='lat' dir='ltr'>protulit,</span> <span class='ocrx_word' id='word_1_332' title='bbox 641 3369 681 3426; x_wconf 91' lang='lat' dir='ltr'>ad</span> <span class='ocrx_word' id='word_1_333' title='bbox 703 3386 796 3426; x_wconf 92' lang='lat' dir='ltr'>unam</span> <span class='ocrx_word' id='word_1_334' title='bbox 818 3369 912 3426; x_wconf 86' lang='lat' dir='ltr'>ficum</span> <span class='ocrx_word' id='word_1_335' title='bbox 934 3369 1057 3427; x_wconf 87' lang='lat' dir='ltr'>rettulit</span> 
     </span>
    </p>

    <p class='ocr_par' dir='ltr' id='par_1_7' title="bbox 282 3456 1563 4514">
     <span class='ocr_line' id='line_1_34' title="bbox 389 3456 1563 3532; baseline -0.001 -17"><span class='ocrx_word' id='word_1_336' title='bbox 389 3458 569 3532; x_wconf 83' lang='lat' dir='ltr'>Priusquam</span> <span class='ocrx_word' id='word_1_337' title='bbox 593 3458 713 3532; x_wconf 90' lang='lat' dir='ltr'>longius</span> <span class='ocrx_word' id='word_1_338' title='bbox 736 3458 934 3532; x_wconf 83' lang='lat' dir='ltr'>procedimus,</span> <span class='ocrx_word' id='word_1_339' title='bbox 959 3476 997 3515; x_wconf 90' lang='lat' dir='ltr'>ea</span> <span class='ocrx_word' id='word_1_340' title='bbox 1015 3458 1222 3532; x_wconf 89' lang='lat' dir='ltr'>inspiciamus,</span> <span class='ocrx_word' id='word_1_341' title='bbox 1240 3475 1319 3532; x_wconf 92' lang='lat' dir='ltr'>quae</span> <span class='ocrx_word' id='word_1_342' title='bbox 1335 3456 1563 3531; x_wconf 87' lang='lat' dir='ltr'>Theophrastus</span> 
     </span>
     <span class='ocr_line' id='line_1_35' title="bbox 284 3545 1562 3622; baseline 0 -20"><span class='ocrx_word' id='word_1_343' title='bbox 284 3546 380 3614; x_wconf 88' lang='lat' dir='ltr'>docet,</span> <span class='ocrx_word' id='word_1_344' title='bbox 405 3549 441 3603; x_wconf 92' lang='lat' dir='ltr'>ut</span> <span class='ocrx_word' id='word_1_345' title='bbox 463 3547 552 3621; x_wconf 88' lang='lat' dir='ltr'>plane</span> <span class='ocrx_word' id='word_1_346' title='bbox 576 3548 731 3621; x_wconf 88' lang='lat' dir='ltr'>appareat,</span> <span class='ocrx_word' id='word_1_347' title='bbox 757 3552 942 3622; x_wconf 87' lang='lat' dir='ltr'>quantopere</span> <span class='ocrx_word' id='word_1_348' title='bbox 967 3548 1060 3604; x_wconf 89' lang='lat' dir='ltr'>Varro</span> <span class='ocrx_word' id='word_1_349' title='bbox 1083 3546 1114 3604; x_wconf 92' lang='lat' dir='ltr'>in</span> <span class='ocrx_word' id='word_1_350' title='bbox 1141 3547 1285 3621; x_wconf 86' lang='lat' dir='ltr'>proximis</span> <span class='ocrx_word' id='word_1_351' title='bbox 1309 3546 1460 3604; x_wconf 86' lang='lat' dir='ltr'>erraverit.</span> <span class='ocrx_word' id='word_1_352' title='bbox 1506 3545 1562 3603; x_wconf 88' lang='lat' dir='ltr'>Hic</span> 
     </span>
     <span class='ocr_line' id='line_1_36' title="bbox 285 3632 1563 3712; baseline 0.001 -21"><span class='ocrx_word' id='word_1_353' title='bbox 285 3632 312 3710; x_wconf 85' lang='lat' dir='ltr'>(i.</span> <span class='ocrx_word' id='word_1_354' title='bbox 330 3652 353 3693; x_wconf 90' lang='lat' dir='ltr'>e.</span> <span class='ocrx_word' id='word_1_355' title='bbox 371 3634 433 3712; x_wconf 82' lang='lat' dir='ltr'>Th.)</span> <span class='ocrx_word' id='word_1_356' title='bbox 465 3635 701 3692; x_wconf 91' lang='lat' dir='ltr'>inoculationem</span> <span class='ocrx_word' id='word_1_357' title='bbox 732 3638 762 3693; x_wconf 93' lang='lat' dir='ltr'>et</span> <span class='ocrx_word' id='word_1_358' title='bbox 791 3635 964 3693; x_wconf 91' lang='lat' dir='ltr'>insitionem</span> <span class='ocrx_word' id='word_1_359' title='bbox 997 3635 1154 3710; x_wconf 86' lang='lat' dir='ltr'>diligenter</span> <span class='ocrx_word' id='word_1_360' title='bbox 1183 3634 1352 3709; x_wconf 89' lang='lat' dir='ltr'>distinguit,</span> <span class='ocrx_word' id='word_1_361' title='bbox 1385 3636 1415 3692; x_wconf 86' lang='lat' dir='ltr'>et</span> <span class='ocrx_word' id='word_1_362' title='bbox 1442 3634 1563 3710; x_wconf 89' lang='lat' dir='ltr'>quidem</span> 
     </span>
     <span class='ocr_line' id='line_1_37' title="bbox 283 3723 1562 3800; baseline 0 -20"><span class='ocrx_word' id='word_1_363' title='bbox 283 3724 367 3780; x_wconf 89' lang='lat' dir='ltr'>illam</span> <span class='ocrx_word' id='word_1_364' title='bbox 402 3723 537 3792; x_wconf 85' lang='lat' dir='ltr'>adiuvat,</span> <span class='ocrx_word' id='word_1_365' title='bbox 574 3724 601 3780; x_wconf 91' lang='lat' dir='ltr'>si</span> <span class='ocrx_word' id='word_1_366' title='bbox 635 3723 720 3781; x_wconf 93' lang='lat' dir='ltr'>locus</span> <span class='ocrx_word' id='word_1_367' title='bbox 753 3724 886 3798; x_wconf 88' lang='lat' dir='ltr'>plantae,</span> <span class='ocrx_word' id='word_1_368' title='bbox 919 3724 951 3780; x_wconf 92' lang='lat' dir='ltr'>in</span> <span class='ocrx_word' id='word_1_369' title='bbox 982 3741 1073 3800; x_wconf 89' lang='lat' dir='ltr'>quam</span> <span class='ocrx_word' id='word_1_370' title='bbox 1103 3724 1253 3792; x_wconf 89' lang='lat' dir='ltr'>inseritur,</span> <span class='ocrx_word' id='word_1_371' title='bbox 1278 3724 1420 3781; x_wconf 89' lang='lat' dir='ltr'>humidus</span> <span class='ocrx_word' id='word_1_372' title='bbox 1444 3725 1499 3791; x_wconf 91' lang='lat' dir='ltr'>est,</span> <span class='ocrx_word' id='word_1_373' title='bbox 1525 3740 1562 3780; x_wconf 91' lang='lat' dir='ltr'>ne</span> 
     </span>
     <span class='ocr_line' id='line_1_38' title="bbox 283 3809 1563 3888; baseline 0 -20"><span class='ocrx_word' id='word_1_374' title='bbox 283 3812 391 3870; x_wconf 91' lang='lat' dir='ltr'>humor</span> <span class='ocrx_word' id='word_1_375' title='bbox 412 3809 635 3888; x_wconf 76' lang='lat' dir='ltr'>necessarius1)</span> <span class='ocrx_word' id='word_1_376' title='bbox 658 3829 794 3888; x_wconf 89' lang='lat' dir='ltr'>unquam</span> <span class='ocrx_word' id='word_1_377' title='bbox 817 3813 946 3870; x_wconf 83' lang='lat' dir='ltr'>deficiat</span> <span class='ocrx_word' id='word_1_378' title='bbox 986 3813 1100 3871; x_wconf 91' lang='lat' dir='ltr'>Humor</span> <span class='ocrx_word' id='word_1_379' title='bbox 1123 3813 1201 3870; x_wconf 90' lang='lat' dir='ltr'>enim</span> <span class='ocrx_word' id='word_1_380' title='bbox 1223 3813 1347 3870; x_wconf 91' lang='lat' dir='ltr'>interior</span> <span class='ocrx_word' id='word_1_381' title='bbox 1362 3811 1563 3871; x_wconf 91' lang='lat' dir='ltr'>inoculationi</span> 
     </span>
     <span class='ocr_line' id='line_1_39' title="bbox 285 3896 1563 3977; baseline 0.001 -20"><span class='ocrx_word' id='word_1_382' title='bbox 285 3901 416 3975; x_wconf 87' lang='lat' dir='ltr'>prodest,</span> <span class='ocrx_word' id='word_1_383' title='bbox 448 3901 577 3959; x_wconf 85' lang='lat' dir='ltr'>exterior</span> <span class='ocrx_word' id='word_1_384' title='bbox 606 3903 701 3960; x_wconf 89' lang='lat' dir='ltr'>obest.</span> <span class='ocrx_word' id='word_1_385' title='bbox 748 3900 834 3972; x_wconf 83' lang='lat' dir='ltr'>Quod</span> <span class='ocrx_word' id='word_1_386' title='bbox 865 3902 1009 3960; x_wconf 89' lang='lat' dir='ltr'>discimus</span> <span class='ocrx_word' id='word_1_387' title='bbox 1033 3902 1249 3977; x_wconf 86' lang='lat' dir='ltr'>o.pl16,5:</span> <span class='ocrx_word' id='word_1_388' title='bbox 1279 3899 1322 3962; x_wconf 78' lang='grc' dir='ltr'><strong><em>ἔτι</em></strong></span> <span class='ocrx_word' id='word_1_389' title='bbox 1345 3897 1421 3961; x_wconf 78' lang='lat' dir='ltr'>dei.</span> <span class='ocrx_word' id='word_1_390' title='bbox 1446 3946 1452 3961; x_wconf 94' lang='lat'><strong>.</strong></span> <span class='ocrx_word' id='word_1_391' title='bbox 1477 3949 1484 3962; x_wconf 91' lang='lat'><strong>.</strong></span> <span class='ocrx_word' id='word_1_392' title='bbox 1506 3896 1563 3959; x_wconf 86' lang='grc' dir='ltr'><strong><em>τὸν</em></strong></span> 
     </span>
     <span class='ocr_line' id='line_1_40' title="bbox 282 3986 1563 4069; baseline 0 -21"><span class='ocrx_word' id='word_1_393' title='bbox 282 3986 381 4048; x_wconf 87' lang='grc' dir='ltr'><strong><em>τόπον</em></strong></span> <span class='ocrx_word' id='word_1_394' title='bbox 405 3986 500 4069; x_wconf 87' lang='grc' dir='ltr'><strong><em>αὐτῆς</em></strong></span> <span class='ocrx_word' id='word_1_395' title='bbox 523 3986 622 4068; x_wconf 85' lang='grc' dir='ltr'><strong><em>ὐγρὸν</em></strong></span> <span class='ocrx_word' id='word_1_396' title='bbox 645 3987 723 4050; x_wconf 81' lang='grc' dir='ltr'><strong><em>εῖναι</em></strong></span> <span class='ocrx_word' id='word_1_397' title='bbox 745 3992 809 4050; x_wconf 87' lang='grc' dir='ltr'>πᾶν</span> <span class='ocrx_word' id='word_1_398' title='bbox 823 3988 858 4050; x_wconf 84' lang='grc' dir='ltr'><strong><em>τὸ</em></strong></span> <span class='ocrx_word' id='word_1_399' title='bbox 874 3988 982 4067; x_wconf 82' lang='grc' dir='ltr'><strong><em>ὐέρος,</em></strong></span> <span class='ocrx_word' id='word_1_400' title='bbox 998 3988 1052 4050; x_wconf 83' lang='grc' dir='ltr'><strong><em>καλ</em></strong></span> <span class='ocrx_word' id='word_1_401' title='bbox 1067 3987 1132 4050; x_wconf 81' lang='grc' dir='ltr'>ἀπὸ</span> <span class='ocrx_word' id='word_1_402' title='bbox 1146 3987 1269 4050; x_wconf 83' lang='grc' dir='ltr'><strong><em>τούτων</em></strong></span> <span class='ocrx_word' id='word_1_403' title='bbox 1282 3987 1415 4069; x_wconf 83' lang='grc' dir='ltr'><strong><em>μάλιστα</em></strong></span> <span class='ocrx_word' id='word_1_404' title='bbox 1431 3986 1563 4050; x_wconf 82' lang='grc' dir='ltr'><strong><em>πάντων</em></strong></span> 
     </span>
     <span class='ocr_line' id='line_1_41' title="bbox 282 4074 1561 4158; baseline 0 -21"><span class='ocrx_word' id='word_1_405' title='bbox 282 4074 466 4157; x_wconf 79' lang='grc' dir='ltr'><strong><em>βλαστάνει·</em></strong></span> <span class='ocrx_word' id='word_1_406' title='bbox 484 4076 534 4138; x_wconf 76' lang='grc' dir='ltr'>διὰ</span> <span class='ocrx_word' id='word_1_407' title='bbox 557 4082 649 4139; x_wconf 83' lang='grc' dir='ltr'><strong><em>τοῦτο</em></strong></span> <span class='ocrx_word' id='word_1_408' title='bbox 673 4077 792 4140; x_wconf 85' lang='grc' dir='ltr'><strong><em>οἴονταί</em></strong></span> <span class='ocrx_word' id='word_1_409' title='bbox 810 4099 890 4146; x_wconf 88' lang='grc' dir='ltr'><strong><em>τινες</em></strong></span> <span class='ocrx_word' id='word_1_410' title='bbox 912 4076 966 4138; x_wconf 87' lang='grc' dir='ltr'><strong><em>καλ</em></strong></span> <span class='ocrx_word' id='word_1_411' title='bbox 987 4077 1134 4158; x_wconf 84' lang='grc' dir='ltr'><strong><em>τέτταρας</em></strong></span> <span class='ocrx_word' id='word_1_412' title='bbox 1153 4076 1207 4139; x_wconf 83' lang='grc' dir='ltr'><strong><em>καὶ</em></strong></span> <span class='ocrx_word' id='word_1_413' title='bbox 1221 4078 1312 4140; x_wconf 80' lang='grc' dir='ltr'><strong><em>πέντε</em></strong></span> <span class='ocrx_word' id='word_1_414' title='bbox 1326 4082 1430 4158; x_wconf 85' lang='grc' dir='ltr'><strong><em>μῆνας</em></strong></span> <span class='ocrx_word' id='word_1_415' title='bbox 1445 4075 1561 4156; x_wconf 79' lang='grc' dir='ltr'><strong><em>ἀρδεύ-</em></strong></span> 
     </span>
     <span class='ocr_line' id='line_1_42' title="bbox 283 4163 1562 4247; baseline -0.002 -20"><span class='ocrx_word' id='word_1_416' title='bbox 283 4163 376 4227; x_wconf 85' lang='grc' dir='ltr'><strong><em>εσύαι</em></strong></span> <span class='ocrx_word' id='word_1_417' title='bbox 405 4163 462 4246; x_wconf 84' lang='grc' dir='ltr'><strong><em>τὴν</em></strong></span> <span class='ocrx_word' id='word_1_418' title='bbox 492 4166 670 4247; x_wconf 80' lang='grc' dir='ltr'><strong><em>ἒμφυτείσν.</em></strong></span> <span class='ocrx_word' id='word_1_419' title='bbox 700 4164 737 4227; x_wconf 88' lang='grc' dir='ltr'><strong><em>τὸ</em></strong></span> <span class='ocrx_word' id='word_1_420' title='bbox 768 4165 797 4227; x_wconf 78' lang='grc' dir='ltr'>δ’</span> <span class='ocrx_word' id='word_1_421' title='bbox 820 4165 912 4247; x_wconf 78' lang='grc' dir='ltr'><strong><em>ὕδωρ</em></strong></span> <span class='ocrx_word' id='word_1_422' title='bbox 943 4170 990 4246; x_wconf 85' lang='grc' dir='ltr'><strong><em>τῷ</em></strong></span> <span class='ocrx_word' id='word_1_423' title='bbox 1018 4165 1079 4246; x_wconf 77' lang='grc' dir='ltr'>μὲν</span> <span class='ocrx_word' id='word_1_424' title='bbox 1113 4164 1368 4247; x_wconf 73' lang='grc' dir='ltr'><strong><em>ἐνοφθαλμιομῷ</em></strong></span> <span class='ocrx_word' id='word_1_425' title='bbox 1402 4164 1562 4245; x_wconf 82' lang='grc' dir='ltr'><strong><em>πολέμιον.</em></strong></span> 
     </span>
     <span class='ocr_line' id='line_1_43' title="bbox 284 4255 1563 4332; baseline -0.001 -19"><span class='ocrx_word' id='word_1_426' title='bbox 284 4256 391 4314; x_wconf 88' lang='lat' dir='ltr'>Insitio</span> <span class='ocrx_word' id='word_1_427' title='bbox 415 4257 566 4314; x_wconf 88' lang='lat' dir='ltr'>contraria</span> <span class='ocrx_word' id='word_1_428' title='bbox 588 4257 684 4315; x_wconf 88' lang='lat' dir='ltr'>utitur</span> <span class='ocrx_word' id='word_1_429' title='bbox 707 4257 892 4315; x_wconf 90' lang='lat' dir='ltr'>condicione.</span> <span class='ocrx_word' id='word_1_430' title='bbox 938 4257 985 4313; x_wconf 89' lang='lat' dir='ltr'>Ad</span> <span class='ocrx_word' id='word_1_431' title='bbox 1007 4258 1087 4315; x_wconf 88' lang='lat' dir='ltr'>hanc</span> <span class='ocrx_word' id='word_1_432' title='bbox 1111 4257 1190 4315; x_wconf 91' lang='lat' dir='ltr'>enim</span> <span class='ocrx_word' id='word_1_433' title='bbox 1213 4259 1334 4332; x_wconf 89' lang='lat' dir='ltr'>oportet</span> <span class='ocrx_word' id='word_1_434' title='bbox 1356 4257 1500 4332; x_wconf 90' lang='lat' dir='ltr'>plantam,</span> <span class='ocrx_word' id='word_1_435' title='bbox 1530 4255 1563 4312; x_wconf 90' lang='lat' dir='ltr'>in</span> 
     </span>
     <span class='ocr_line' id='line_1_44' title="bbox 283 4345 1562 4421; baseline 0 -19"><span class='ocrx_word' id='word_1_436' title='bbox 283 4363 375 4420; x_wconf 90' lang='lat' dir='ltr'>quam</span> <span class='ocrx_word' id='word_1_437' title='bbox 398 4345 548 4414; x_wconf 87' lang='lat' dir='ltr'>inseritur,</span> <span class='ocrx_word' id='word_1_438' title='bbox 580 4363 643 4404; x_wconf 91' lang='lat' dir='ltr'>non</span> <span class='ocrx_word' id='word_1_439' title='bbox 669 4347 713 4404; x_wconf 86' lang='lat' dir='ltr'>ita</span> <span class='ocrx_word' id='word_1_440' title='bbox 737 4364 803 4404; x_wconf 87' lang='lat' dir='ltr'>esse</span> <span class='ocrx_word' id='word_1_441' title='bbox 827 4346 990 4413; x_wconf 92' lang='lat' dir='ltr'>humidam,</span> <span class='ocrx_word' id='word_1_442' title='bbox 1016 4346 1097 4421; x_wconf 92' lang='lat' dir='ltr'>quod</span> <span class='ocrx_word' id='word_1_443' title='bbox 1120 4347 1181 4404; x_wconf 91' lang='lat' dir='ltr'>nisi</span> <span class='ocrx_word' id='word_1_444' title='bbox 1202 4346 1249 4411; x_wconf 87' lang='lat' dir='ltr'>fit,</span> <span class='ocrx_word' id='word_1_445' title='bbox 1282 4346 1371 4404; x_wconf 91' lang='lat' dir='ltr'>utin</span> <span class='ocrx_word' id='word_1_446' title='bbox 1393 4345 1465 4414; x_wconf 91' lang='lat' dir='ltr'>vite,</span> <span class='ocrx_word' id='word_1_447' title='bbox 1497 4347 1562 4402; x_wconf 86' lang='lat' dir='ltr'>arte</span> 
     </span>
     <span class='ocr_line' id='line_1_45' title="bbox 282 4429 1563 4514; baseline 0.002 -24"><span class='ocrx_word' id='word_1_448' title='bbox 282 4434 460 4509; x_wconf 87' lang='lat' dir='ltr'>impetratur</span> <span class='ocrx_word' id='word_1_449' title='bbox 482 4430 502 4513; x_wconf 72' lang='lat'><strong>§</strong></span> <span class='ocrx_word' id='word_1_450' title='bbox 527 4434 562 4496; x_wconf 88' lang='lat'>8:</span> <span class='ocrx_word' id='word_1_451' title='bbox 586 4431 647 4514; x_wconf 85' lang='grc' dir='ltr'>χρὴ</span> <span class='ocrx_word' id='word_1_452' title='bbox 673 4431 708 4494; x_wconf 81' lang='grc' dir='ltr'>δὲ</span> <span class='ocrx_word' id='word_1_453' title='bbox 731 4431 862 4514; x_wconf 80' lang='grc' dir='ltr'><strong><em>καὶτῆς</em></strong></span> <span class='ocrx_word' id='word_1_454' title='bbox 884 4431 1056 4514; x_wconf 81' lang='grc' dir='ltr'><strong><em>ὑγρότητος</em></strong></span> <span class='ocrx_word' id='word_1_455' title='bbox 1077 4438 1132 4514; x_wconf 91' lang='grc' dir='ltr'><strong><em>τῆς</em></strong></span> <span class='ocrx_word' id='word_1_456' title='bbox 1155 4432 1261 4494; x_wconf 86' lang='grc' dir='ltr'><strong><em>αὐτῶν</em></strong></span> <span class='ocrx_word' id='word_1_457' title='bbox 1283 4432 1476 4513; x_wconf 86' lang='grc' dir='ltr'><strong><em>συμμετρίαν</em></strong></span> <span class='ocrx_word' id='word_1_458' title='bbox 1494 4429 1563 4492; x_wconf 79' lang='grc' dir='ltr'><strong><em>τινὰ</em></strong></span> 
     </span>
    </p>
   </div>
   <div class='ocr_carea' id='block_1_5' title="bbox 282 4639 1563 4782">
    <p class='ocr_par' dir='ltr' id='par_1_8' title="bbox 282 4639 1563 4782">
     <span class='ocr_line' id='line_1_46' title="bbox 390 4639 1563 4712; baseline -0.003 -16"><span class='ocrx_word' id='word_1_459' title='bbox 390 4642 408 4712; x_wconf 77' lang='lat'>¹)</span> <span class='ocrx_word' id='word_1_460' title='bbox 428 4640 463 4696; x_wconf 78' lang='lat' dir='ltr'>cf.</span> <span class='ocrx_word' id='word_1_461' title='bbox 483 4658 506 4696; x_wconf 81' lang='lat' dir='ltr'>c.</span> <span class='ocrx_word' id='word_1_462' title='bbox 520 4642 556 4712; x_wconf 91' lang='lat' dir='ltr'>pl.</span> <span class='ocrx_word' id='word_1_463' title='bbox 570 4641 661 4708; x_wconf 80' lang='lat' dir='ltr'>16,l:</span> <span class='ocrx_word' id='word_1_464' title='bbox 689 4641 744 4694; x_wconf 81' lang='grc' dir='ltr'><strong><em>ἀλλ’</em></strong></span> <span class='ocrx_word' id='word_1_465' title='bbox 767 4640 881 4695; x_wconf 79' lang='grc' dir='ltr'><strong><em>ἔνταύὐα</em></strong></span> <span class='ocrx_word' id='word_1_466' title='bbox 907 4642 987 4710; x_wconf 76' lang='grc' dir='ltr'><strong><em>δῆλον</em></strong></span> <span class='ocrx_word' id='word_1_467' title='bbox 1012 4643 1051 4694; x_wconf 85' lang='grc' dir='ltr'><strong><em>ὅτι</em></strong></span> <span class='ocrx_word' id='word_1_468' title='bbox 1077 4642 1123 4694; x_wconf 87' lang='grc' dir='ltr'><strong><em>καὶ</em></strong></span> <span class='ocrx_word' id='word_1_469' title='bbox 1141 4640 1171 4693; x_wconf 84' lang='grc' dir='ltr'><strong><em>τὸ</em></strong></span> <span class='ocrx_word' id='word_1_470' title='bbox 1188 4640 1334 4709; x_wconf 74' lang='grc' dir='ltr'><strong><em>βλαστάνον</em></strong></span> <span class='ocrx_word' id='word_1_471' title='bbox 1351 4641 1398 4694; x_wconf 78' lang='grc' dir='ltr'><strong><em>καὶ</em></strong></span> <span class='ocrx_word' id='word_1_472' title='bbox 1416 4639 1445 4692; x_wconf 88' lang='grc' dir='ltr'><strong><em>τὸ</em></strong></span> <span class='ocrx_word' id='word_1_473' title='bbox 1463 4646 1563 4707; x_wconf 78' lang='grc' dir='ltr'><strong><em>γεννῶν</em></strong></span> 
     </span>
     <span class='ocr_line' id='line_1_47' title="bbox 282 4711 681 4782; baseline 0 -18"><span class='ocrx_word' id='word_1_474' title='bbox 282 4711 299 4779; x_wconf 83' lang='grc' dir='ltr'><em>ἡ</em></span> <span class='ocrx_word' id='word_1_475' title='bbox 319 4713 430 4780; x_wconf 78' lang='grc' dir='ltr'><strong><em>ὑγρότης</em></strong></span> <span class='ocrx_word' id='word_1_476' title='bbox 448 4711 515 4766; x_wconf 88' lang='grc' dir='ltr'><strong><em>ε’στὶν</em></strong></span> <span class='ocrx_word' id='word_1_477' title='bbox 533 4711 549 4782; x_wconf 87' lang='grc' dir='ltr'><strong><em>ῆ</em></strong></span> <span class='ocrx_word' id='word_1_478' title='bbox 568 4714 681 4781; x_wconf 80' lang='grc' dir='ltr'><strong><em>γόνιμος.</em></strong></span> 
     </span>
    </p>
   </div>
   <div class='ocr_carea' id='block_1_6' title="bbox 0 0 1768 5342">
    <p class='ocr_par' dir='ltr' id='par_1_9' title="bbox 0 0 1768 5342">
     <span class='ocr_line' id='line_1_48' title="bbox 0 0 1768 5342; baseline 0 0"><span class='ocrx_word' id='word_1_479' title='bbox 0 0 1768 5342; x_wconf 95' lang='lat' dir='ltr'> </span> 
     </span>
    </p>
   </div>
  </div>
 </body>
</html>
