3525 5342
735 388 958 451 „11-

203 571 239 627 ut
269 586 322 627 eos
357 569 443 644 ipsos
474 568 586 644 legisse
616 568 762 627 videatur.
813 568 912 641 ‚Velut
942 569 1034 636 15,1
1072 570 1193 645 posuit:
1237 569 1401 650 „Equidem
1435 571 1487 628 in-

203 657 405 716 numerabiles
428 657 500 715 mihi
524 658 665 716 videntur
688 654 761 734 (soil.
785 660 889 733 partes
912 657 1126 735 agriculturae)
1149 658 1249 734 inquit
1270 659 1390 734 Agrius,
1416 676 1486 717 cum

202 747 270 820 lego
297 747 391 805 libros
414 747 630 822 Theophrastri
653 747 823 822 conplures,
849 747 903 822 qui
926 748 1131 805 inscribuntur
1153 748 1263 826 φυτῶν
1286 745 1422 826 ἱστορίας
1455 751 1488 806 et

204 835 291 894 alteri
314 836 457 915 φυτικῶν
480 833 595 896 αἰτίων.
627 835 723 905 Stolo,
744 836 808 904 lsti,
840 836 947 911 inquit,
972 837 1040 894 libri
1062 852 1125 894 non
1147 839 1212 894 tam
1234 836 1336 894 idonei
1358 837 1406 906 iis,
1433 837 1485 912 qui

204 942 309 1000 agrum
333 925 430 982 colere
453 924 562 982 volunt
581 941 672 1000 quam
704 925 756 1000 qni
787 924 910 983 scholas
934 925 1200 1000 philosophorum
1223 942 1321 1000 neque
1345 943 1381 984 eo
1405 926 1483 995 dieo,

204 1031 266 1089 quo
288 1005 387 1097 (non)
409 1013 543 1072 habeant
565 1016 596 1071 et
622 1013 712 1071 utilia
734 1015 765 1072 et
787 1014 961 1071 communia
988 1009 1167 1089 quaedam“.
1214 1014 1309 1073 Varro
1329 1015 1422 1089 igitur
1436 1014 1488 1073 hic

204 1120 265 1162 non
288 1101 388 1162 solum
411 1101 484 1160 dicit
517 1119 550 1160 se
574 1102 816 1178 Theophrastum
845 1103 967 1177 legisse,
992 1102 1045 1160 sed
1074 1103 1165 1161 etiam
1192 1103 1337 1160 iudicium
1359 1102 1485 1161 verissi-

204 1209 285 1251 mum
321 1192 357 1249 de
388 1208 423 1249 eo
457 1190 525 1259 fert,
560 1190 606 1250 ita
632 1193 668 1249 ut
698 1191 729 1248 in
760 1191 871 1251 lectore
901 1209 939 1249 ne
970 1192 1124 1249 minimum
1157 1191 1277 1267 quidem
1300 1192 1486 1266 suspicionis

204 1281 329 1350 oriatur,
355 1298 417 1355 qua
440 1280 590 1338 adductus
605 1278 771 1338 Varronem
792 1280 935 1338 simulare
958 1282 1052 1355 putet.
1083 1280 1187 1356 Neque
1212 1281 1300 1339 aliter
1321 1298 1378 1349 res,
1405 1281 1486 1356 quod

205 1369 314 1429 attinet
337 1369 377 1427 ad
399 1369 601 1437 Aristotelem,
627 1386 660 1426 se
683 1370 783 1427 habet.
829 1369 998 1445 Postquam
1029 1369 1107 1428 enim
1143 1369 1312 1427 affirmavit
1336 1387 1422 1447 „mas
1446 1387 1486 1426 an

204 1459 318 1518 femina
340 1458 381 1516 sit
403 1460 558 1533 concepta,
583 1457 755 1532 significare
782 1458 932 1517 descensu
953 1454 1106 1528 taurum“,
1142 1459 1228 1517 addit
1249 1458 1378 1527 115,13
1405 1476 1487 1538 „cur

205 1548 263 1606 hoc
285 1547 352 1617 fiat,
384 1564 441 1606 vos
468 1546 614 1615 videritis,
639 1547 738 1623 inquit
760 1546 873 1616 mihi,
906 1548 960 1624 qui
982 1548 1177 1606 Aristotelem
1210 1542 1344 1622 legitis“.
1390 1542 1488 1606 Simill

205 1637 305 1706 modo,
338 1639 373 1695 ut
404 1653 520 1711 paucos
552 1635 670 1710 abgam,
702 1636 870 1694 aiiemrntur
901 1636 1102 1710 Anaxagoras
1135 1633 1281 1713 (140,1),
1318 1636 1485 1694 Archelaus

206 1724 335 1802 (H3,5;
359 1724 516 1794 ΙΠ11,4;
540 1724 611 1783 ibid.
632 1725 731 1794 12,4;
759 1725 808 1794 16,
823 1725 863 1804 4),
896 1725 1081 1784 Menecrates
1106 1723 1157 1802 (ΙΙΙ
1177 1726 1226 1793 16,
1243 1725 1304 1804 18),
1336 1727 1429 1801 atque
1460 1743 1487 1800 ep

205 1815 273 1890 ipsi,
300 1814 472 1890 exquibus
505 1812 581 1872 solis
613 1831 681 1872 enm
703 1815 832 1890 pendere
863 1815 1064 1890 suspicamur,
1096 1815 1141 1872 ita
1162 1815 1336 1883 laudantur,
1362 1813 1488 1889 proinde

207 1921 242 1961 ae
266 1903 293 1961 si
317 1921 354 1961 ex
376 1920 500 1961 numero
524 1906 684 1962 auctorum
707 1905 746 1961 ab
779 1904 847 1978 ipso
883 1906 1091 1978 excerptorum
1126 1903 1196 1961 sint
1242 1903 1334 1961 Velut
1355 1903 1383 1961 ΙΙ
1402 1903 1429 1971 1,
1444 1902 1485 1961 27

206 1992 344 2066 scripsit:
387 1991 463 2072 „Gui
495 2008 551 2066 ego
585 1993 622 2049 ut
657 1992 852 2061 succinerem,
894 1992 1012 2051 subicio
1046 1992 1206 2067 Magonem
1239 1995 1269 2050 et
1305 1991 1487 2067 Dionysium

206 2081 346 2150 scribere,
378 2081 462 2138 mula
489 2083 520 2139 et
550 2097 629 2156 equa
665 2098 732 2139 cnm
763 2082 963 2156 conceperint,
997 2081 1176 2141 duodecimo
1214 2097 1317 2139 mense
1352 2075 1486 2155 parere“.

208 2171 347 2230 Gessium
386 2169 485 2228 solum
515 2169 652 2228 nominat
680 2169 767 2228 velut
793 2170 873 2240 117,
890 2171 922 2230 3:
956 2171 1012 2249 „de
1051 2170 1090 2228 iis
1122 2169 1195 2246 (scil
1219 2167 1328 2246 servis)
1360 2169 1487 2228 Cassius

207 2259 312 2318 scribit
333 2256 439 2316 haee“.
484 2257 672 2333 Diophanem
703 2259 832 2334 denique
861 2259 971 2316 laudat
1000 2257 1024 2335 (Ι
1041 2258 1069 2327 9,
1084 2258 1128 2337 Vi:
1162 2259 1278 2339 „Stolo,
1308 2258 1375 2316 Non
1398 2257 1485 2325 male,

206 2347 315 2423 inquit,
341 2364 420 2423 qnae
444 2347 485 2404 sit
499 2346 611 2406 idonea
632 2349 714 2406 terra
737 2349 776 2406 ad
800 2347 958 2406 colendum
982 2351 1122 2417 autnon,
1144 2347 1320 2423 Diophanes
1336 2347 1487 2422 Bithynos

207 2431 342 2495 scribit“.
388 2436 541 2494 Statuitur
570 2435 662 2510 igitur
690 2436 857 2494 Varronem
894 2436 1006 2512 ubique
1052 2436 1082 2494 id
1121 2437 1285 2512 appetisse,
1325 2439 1361 2494 ut
1402 2436 1488 2511 ipsos

208 2529 349 2584 auctores
380 2525 484 2583 adisse
515 2525 675 2594 videretur,
710 2543 772 2600 qua
803 2526 904 2601 specie
937 2543 1000 2593 eos,
1040 2526 1093 2601 qni
1121 2544 1141 2584 a
1175 2525 1356 2584 Schneidero
1392 2526 1485 2591 stant,

208 2615 352 2690 deceptos
383 2630 452 2672 esse
482 2631 663 2689 persuasum
694 2611 827 2691 habeo.¹)
883 2615 949 2685 Quo
980 2615 1107 2683 accedit,
1140 2615 1222 2690 quod
1253 2617 1332 2673 certe
1358 2613 1488 2671 Varroni

207 2703 304 2762 multo
328 2702 434 2762 maiori
450 2705 533 2762 esset
556 2702 649 2772 laudi,
675 2704 703 2760 si
726 2721 774 2762 res
791 2704 871 2762 siout
887 2703 1049 2762 Gentillius
1064 2703 1192 2762 ultimus
1207 2703 1283 2772 vult,
1302 2721 1335 2763 se
1351 2703 1485 2771 haberet,

209 2810 299 2868 quam
323 2791 350 2850 si
374 2792 530 2850 contrarie.
578 2791 632 2853 Oui
656 2793 792 2868 opinioni
813 2791 904 2867 plane
935 2810 972 2851 ea
1004 2793 1198 2867 respondent,
1223 2809 1302 2868 quae
1332 2793 1360 2850 is
1383 2791 1489 2867 posuit

207 2880 260 2940 ΙΙ.
284 2899 312 2956 p.
332 2880 407 2939 152:
446 2881 547 2952 ,haud
581 2881 743 2940 verisimile
774 2882 862 2940 nobis
893 2882 1055 2940 videbatur
1083 2882 1235 2940 hominem
1257 2881 1289 2939 in
1312 2897 1488 2956 graecorum

208 2969 403 3046 philosophia
436 2972 500 3028 tam
541 2969 734 3028 excellentem
764 2970 999 3046 Aristotelisque
1035 2970 1217 3039 studiosum,
1265 2970 1317 3045 qui
1359 2969 1487 3027 Athenis

208 3059 316 3117 litteris
349 3059 472 3134 penitus
503 3059 638 3118 imbutus
670 3062 762 3129 esset,
794 3076 888 3117 senex
918 3077 991 3118 vero
1022 3059 1162 3135 publicae
1184 3058 1385 3118 bibliothecae
1409 3057 1488 3116 ordi·

208 3149 328 3206 nandae
351 3166 372 3206 a
387 3147 515 3206 Caesare
531 3147 703 3224 praefectus
724 3151 773 3208 tot
787 3149 971 3208 Graecorum
984 3148 1143 3207 volumina
1158 3148 1308 3224 perlegere
1324 3147 1486 3224 potuisset,

209 3238 240 3295 in
263 3238 321 3296 boc
344 3254 434 3312 opere
458 3237 611 3295 exarando
628 3238 748 3296 duobus
772 3237 846 3296 totis
870 3237 955 3296 libris
978 3255 1071 3296 unam
1087 3237 1238 3312 epitomen
1254 3229 1487 3312 adhibuisse“.²)

320 3325 464 3384 Videmus
487 3326 579 3401 igitur
605 3326 683 3384 duas
705 3344 754 3384 res
779 3328 818 3384 ab
844 3326 932 3383 initio
955 3326 995 3383 ad
1016 3326 1143 3384 alteram
1171 3326 1207 3384 de
1227 3325 1373 3384 Varronis
1395 3324 1489 3383 lonti-

210 3416 267 3473 bus
303 3415 474 3488 opinionem
515 3432 658 3490 magnum
700 3415 808 3472 afferre
849 3417 1043 3483 momentum,
1076 3432 1182 3490 nempe
1223 3413 1307 3472 illam
1346 3413 1487 3488 speciem,

211 3521 302 3579 quam
326 3503 362 3561 de
386 3504 564 3562 auctoribus
592 3504 737 3562 adhibitis
760 3503 857 3561 Varro
888 3519 962 3578 prae
990 3521 1024 3560 se
1053 3503 1120 3571 fert,
1153 3505 1247 3578 atque
1275 3502 1489 3560 auctoritatem

211 3593 285 3650 eius.
322 3591 438 3661 Quodsi
461 3591 586 3668 insuper
612 3593 769 3667 contingit,
802 3595 838 3650 ut
867 3591 1038 3666 complures
1068 3592 1154 3650 locos
1185 3592 1378 3660 verbotenus,
1409 3591 1490 3648 sient

211 3681 291 3756 apud
316 3680 558 3756 Theophrastum
580 3681 625 3750 iit,
652 3682 730 3740 alios
747 3681 911 3740 admodum
926 3683 1068 3738 accurate
1082 3681 1114 3739 in
1133 3680 1278 3739 Varronis
1301 3680 1396 3738 libros
1418 3697 1489 3737 esse

210 3769 378 3827 translatos
409 3770 603 3839 ostendatur,
641 3770 774 3828 Gentillii
817 3769 1001 3844 argumentis
1033 3770 1231 3829 validissimis
1263 3769 1489 3827 demonstrasse

212 3859 270 3916 sibi
293 3858 433 3916 videntur
455 3859 622 3918 Varronem
645 3859 816 3934 scriptores,
848 3876 926 3934 quos
954 3859 1070 3928 laudat,
1094 3858 1181 3934 ipsos
1212 3859 1392 3933 inspexisse,
1421 3874 1489 3915 cum

210 3964 272 4006 non
295 3949 472 4022 reputantes
496 3966 564 4006 eum
595 3949 701 4006 horum
733 3947 901 4006 doctrinam
923 3965 985 4006 non
1013 3948 1113 4006 minus
1140 3949 1217 4006 bene
1248 3964 1285 4005 ex
1309 3947 1416 4006 cassio
1440 3945 1490 4028 vel

211 4036 369 4112 Diophane
386 4053 503 4094 sumere
515 4037 663 4111 potuisse,
676 4038 742 4095 tum
758 4035 954 4105 offensiones,
968 4054 1047 4113 quae
1059 4036 1232 4111 opinionem
1244 4053 1347 4094 eorum
1359 4035 1490 4093 maxime

211 4125 386 4200 infringunt,
412 4128 468 4183 aut
490 4125 612 4184 omnino
635 4126 721 4184 nihili
750 4126 898 4184 iacientes
930 4128 987 4184 aut
1020 4125 1140 4184 minime
1170 4125 1365 4201 probabiliter
1393 4122 1489 4200 expli-

212 4216 325 4272 cantes.
372 4213 439 4283 Qua
461 4213 493 4273 in
515 4231 547 4272 re
569 4214 757 4274 incredibilia
778 4215 840 4273 fere
863 4215 1025 4273 Gentillius
1049 4215 1225 4282 commissit,
1255 4231 1334 4289 quae
1357 4213 1437 4271 infra
1459 4213 1490 4270 in

212 4303 309 4362 lucem
332 4303 551 4378 protrahamus.

323 4392 455 4450 Eandem
478 4410 540 4450 rem
562 4394 598 4450 ut
621 4394 660 4451 ab
683 4392 780 4451 altera
802 4395 888 4468 parte
912 4393 1156 4468 contemplemur,
1181 4392 1243 4450 iam
1258 4407 1352 4466 supra
1374 4389 1490 4465 praedi·

320 4602 331 4633 ¹
358 4599 393 4656 oi.
412 4615 436 4654 e.
449 4616 475 4669 g.
488 4599 580 4655 Hirzel
598 4599 616 4654 1.
629 4599 646 4656 1.
666 4616 693 4671 p.
706 4599 761 4655 552
778 4599 872 4655 adnot.
888 4599 913 4654 1.

319 4671 331 4703 ²
357 4670 393 4728 ci.
412 4671 577 4726 (inmmerus
594 4670 612 4726 Ι.
624 4670 643 4728 Ι.
662 4688 689 4742 p.
701 4671 745 4730 53.
