3525 5342
726 431 948 493 ..19-

199 614 408 672 scribebantur
434 613 489 692 „de
514 611 730 686 agricultura“.
778 612 922 687 Exemplo
945 613 1006 670 fuit
1029 610 1139 691 Catull
1166 613 1272 688 ltaque
1296 632 1357 673 non
1380 615 1479 674 solum

199 703 321 760 eaedem
344 703 405 760 lere
429 719 477 759 res
501 702 731 775 proferebantur
746 701 922 773 diligentius
946 705 977 759 et
999 702 1122 760 uberius
1145 702 1295 760 interdum
1318 706 1477 771 tractatae,

199 793 253 849 sed
277 792 368 849 etiam
392 790 523 849 elocutio
542 791 634 848 huius
667 790 822 848 simillima
856 793 931 858 erat,
957 807 1036 865 quas
1060 808 1108 848 res
1131 790 1191 849 loci
1214 793 1296 867 apud
1315 792 1480 850 Varronem

199 882 246 957 (cf.
263 880 350 939 Gent.
366 879 384 937 l.
401 880 419 937 l.
436 898 464 954 p.
485 878 566 956 137l,
585 878 789 947 Columellam,
806 878 938 936 Plinium
955 882 1113 938 exstantes
1130 878 1316 940 confirmant.
1339 882 1479 940 Auctori-

198 973 263 1027 tate
287 969 407 1026 minime
424 964 603 1046 carebant,²)
621 985 805 1042 quamquam
818 968 899 1042 apud
915 968 1079 1026 Varronem
1096 986 1200 1026 eorum
1216 970 1329 1027 mentio
1349 970 1479 1044 plerum-

198 1076 257 1135 que
291 1076 352 1115 non
389 1058 427 1115 fit
465 1057 525 1114 nisi
564 1073 631 1114 cum
670 1057 808 1114 irrisione
848 1060 879 1114 et
917 1057 1149 1132 contemptione.
1207 1058 1363 1116 Stolonem
1401 1060 1479 1116 enim

199 1145 243 1222 (V.
266 1147 278 1203 l
304 1147 332 1215 2,
349 1145 400 1222 24)
430 1146 550 1214 ironice,
583 1163 644 1202 non
677 1146 764 1213 serio,
798 1145 878 1203 sicut
909 1146 1162 1204 Reitzensteinius
1194 1145 1222 1222 ll.
1239 1148 1257 1204 l
1273 1165 1301 1221 p.
1321 1147 1370 1224 11>
1402 1148 1477 1215 vult,

199 1236 370 1310 praeclaros
402 1252 454 1293 ecs
486 1235 582 1292 dicere
614 1234 774 1308 scriptores
802 1235 864 1292 iam
888 1235 1049 1292 Gentillius
1072 1237 1151 1293 recte
1180 1236 1393 1293 animadvertit
1416 1236 1443 1312 ll.
1461 1237 1478 1295 l.

198 1343 226 1399 p.
247 1324 335 1400 101),
373 1323 438 1382 Hoc
462 1340 497 1380 ec
521 1323 671 1397 insignius
687 1326 742 1390 est,
769 1324 850 1398 quod
867 1323 1040 1390 Columella,
1067 1324 1118 1398 qui
1135 1324 1283 1382 Sasernas
1299 1342 1479 1399 magnopere

198 1414 313 1480 laudat,
346 1430 443 1470 rerum
477 1412 658 1469 rusticarum
689 1412 784 1469 multo
813 1412 935 1486 peritior
959 1413 1091 1471 Varrone
1129 1413 1195 1470 fuit
1255 1413 1345 1471 Patet
1378 1417 1479 1471 autem
1552 1477 1557 1486 ,

198 1502 359 1560 Reatinum
382 1501 494 1559 iudicio
518 1501 612 1558 misso
644 1501 842 1575 exscripsisse
865 1501 1008 1558 iudicium
1031 1502 1188 1567 Tremellii,
1219 1520 1307 1577 quem
1330 1503 1479 1560 Sasernas

199 1591 328 1648 maxime
352 1590 548 1665 impugnasse
564 1590 655 1648 etiam
671 1589 750 1647 infra
773 1590 885 1648 clarius
900 1590 956 1647 fiet
971 1607 1118 1665 quemque
1141 1591 1220 1648 idem
1241 1592 1303 1648 fere
1327 1591 1479 1649 decorum

199 1697 289 1754 opere
320 1679 454 1737 sensisse
484 1678 580 1736 Varro
618 1679 684 1753 ipse
711 1680 843 1736 testatur
873 1679 1008 1736 scribens
1031 1679 1045 1736 l
1068 1682 1096 1747 2,
1113 1680 1170 1738 25:
1205 1697 1285 1758 „non
1319 1680 1481 1753 ignorabat

198 1768 290 1826 libros
315 1770 345 1825 et
368 1763 583 1842 despiciebat“.

309 1857 465 1927 Quatenus
498 1857 647 1914 Sasernae
671 1875 690 1913 a
721 1859 824 1914 nostro
846 1857 983 1931 expressi
1013 1857 1084 1925 sint,
1117 1860 1235 1931 praeter
1262 1858 1347 1915 locos
1370 1859 1431 1915 iam
1460 1877 1480 1915 a

199 1946 340 2004 Gentillio
377 1946 520 2003 collectos
553 1945 649 2002 statui
680 1963 740 2003 non
771 1947 882 2019 potest,
915 1962 983 2002 cum
1013 1946 1072 2003 loci
1108 1947 1189 2020 apud
1220 1946 1416 2004 Columellam
1450 1950 1481 2005 et

197 2035 327 2092 Plinium
351 2037 509 2092 exstantes
533 2035 590 2091 hac
614 2034 644 2090 in
667 2052 698 2091 re
720 2035 792 2091 usui
815 2051 876 2092 non
901 2035 970 2091 sint
1017 2034 1081 2092 Hoc
1102 2037 1241 2092 constare
1264 2035 1336 2092 mihi
1359 2037 1480 2093 videtur

198 2142 250 2182 eos
275 2123 410 2181 adhiberi
434 2141 496 2180 non
518 2123 656 2197 potuisse
680 2123 740 2180 nisi
763 2123 793 2179 in
817 2123 913 2197 primo
937 2123 1023 2191 libro,
1049 2141 1116 2180 cunr
1146 2125 1182 2180 de
1204 2141 1236 2182 re
1258 2125 1402 2198 pecuaria
1425 2127 1480 2182 aut

199 2213 234 2271 de
258 2213 400 2287 pastione
423 2211 567 2278 villatica,
594 2229 685 2286 quam
709 2211 805 2268 Varro
830 2211 911 2279 dicit,
938 2230 991 2269 ecs
1015 2212 1115 2286 egisse
1144 2229 1297 2288 nusquam
1325 2216 1478 2288 appareat

310 2368 387 2452 §4
431 2367 530 2429 Etiam
560 2371 661 2446 peiore
692 2371 867 2429 condicione
898 2372 929 2428 in
952 2372 1090 2445 proximo
1123 2375 1246 2431 auctore
1268 2372 1388 2440 utimur,
1414 2374 1477 2431 scil.

199 2463 228 2520 C.
245 2462 360 2520 Licinio
385 2461 517 2518 Stolone.
553 2460 584 2518 Is
609 2461 687 2518 euim
719 2462 817 2518 utrum
849 2461 970 2518 omnino
1001 2461 1109 2518 librum
1142 2461 1177 2518 de
1208 2461 1255 2519 his
1283 2463 1372 2520 rebus
1396 2479 1478 2520 oom-

199 2551 335 2626 posuerit
357 2567 460 2617 necne,
493 2567 553 2607 non
585 2543 663 2607 satis
695 2551 824 2618 constat,
857 2567 1043 2624 quamquam
1074 2549 1213 2624 equidem
1243 2568 1310 2607 cum
1334 2551 1479 2610 Reitzen-

199 2639 309 2698 steinio
339 2639 451 2696 faciam
483 2636 510 2713 (1.
527 2637 545 2696 l.
562 2657 589 2713 p.
607 2637 702 2716 Seu),
736 2638 787 2712 qui
817 2638 905 2696 nisus
936 2638 1081 2713 imprimis
1112 2639 1161 2696 his
1188 2639 1264 2697 locis
1296 2639 1406 2708 V.12‚
1425 2641 1478 2698 12:
1556 2671 1557 2675 ,

201 2729 266 2808 „Ad
301 2731 331 2786 te
366 2725 416 2802 (sc.
443 2725 588 2804 Scrofam)
632 2728 710 2784 enim
733 2728 836 2784 rudem
875 2745 944 2785 esse
975 2727 1177 2801 agriculturae
1208 2745 1297 2796 nunc,
1334 2729 1404 2786 olim
1439 2730 1478 2787 ad

199 2818 354 2875 Stolonem
377 2817 492 2874 fuisse“
528 2818 559 2873 et
586 2815 676 2873 Coll
699 2815 772 2891 prol.
791 2816 846 2874 32:
879 2816 1027 2894 „Multum
1049 2819 1151 2873 tamen
1175 2818 1341 2891 profecerit,
1367 2817 1395 2874 si
1418 2835 1478 2875 usu

110 2963 112 2968 .
197 2905 371 2964 Tremellius
390 2906 598 2979 Sasernasque
623 2908 653 2962 et
669 2906 811 2964 Stolones
835 2900 1033 2980 aequaverit“
1060 2923 1121 2962 non
1146 2905 1275 2973 dubitat,
1300 2907 1374 2982 quin
1389 2906 1477 2965 Stolo

198 2996 307 3053 librum
331 2995 463 3052 ediderit.
495 2993 560 3064 Quo
584 2995 709 3061 accedit,
735 2995 816 3069 quod
840 2994 926 3052 Stolo
949 2995 981 3051 in
1004 2994 1100 3068 primo
1117 2994 1264 3052 Varronis
1287 2995 1363 3053 libro
1389 2996 1478 3070 quasi

199 3083 349 3142 secundas
385 3083 449 3158 agit
482 3085 593 3157 partes.
636 3116 681 3124 --
718 3083 814 3150 Hunc,
848 3101 1033 3159 quamquam
1064 3085 1165 3141 aetate
1195 3084 1292 3141 minor
1321 3084 1477 3142 Tremellio

198 3173 297 3241 fuerit,
322 3173 431 3230 librum
462 3175 533 3230 ante
560 3172 640 3229 huuc
671 3171 783 3247 publici
814 3172 890 3229 iuris
920 3173 1031 3229 iecisse
1062 3173 1140 3229 idem
1170 3173 1237 3230 vult
1266 3173 1354 3231 nisus
1377 3174 1477 3231 verbis

198 3262 287 3319 modo
311 3261 413 3318 allatis
438 3260 482 3337 (V.
499 3260 512 3317 Ι
529 3260 631 3336 2,12).
660 3261 745 3331 Quod
762 3261 915 3335 quomodo
931 3278 965 3317 se
980 3261 1100 3329 habeat,
1125 3261 1178 3318 vix
1195 3261 1352 3319 diiudicari
1367 3264 1476 3336 potest.

197 3351 262 3408 Hoc
286 3367 339 3425 prc
363 3352 445 3408 certo
469 3367 581 3424 ponam
597 3349 752 3409 Stolonem
773 3350 845 3406 item
869 3367 905 3406 ao
922 3349 1072 3406 Sasernas
1096 3349 1231 3407 adhiberi
1254 3366 1315 3407 non
1338 3350 1477 3424 potuisse

198 3440 257 3497 nisi
281 3439 312 3496 in
336 3439 432 3513 primo
456 3439 543 3506 libro,
568 3439 599 3495 in
623 3455 684 3514 quo
706 3439 831 3512 insuper
852 3454 914 3494 uno
938 3437 1066 3513 loquens
1089 3438 1248 3494 inducitur.

309 3593 332 3679 ᾖ
356 3593 387 3661 5.
431 3598 475 3655 De
511 3597 561 3655 Cn.
587 3598 744 3656 Tremellio
777 3597 885 3655 Scrofa
914 3597 993 3654 idem
1022 3597 1279 3654 Reitzensteinius
1318 3598 1379 3672 egit
1413 3595 1440 3672 (l.
1458 3598 1475 3654 l.

198 3704 226 3761 p.
247 3686 360 3763 l2sq.).
406 3686 520 3744 Nostra
546 3687 675 3745 maxime
710 3687 836 3744 interest
867 3687 952 3754 scire,
982 3687 1105 3760 quando
1137 3686 1202 3744 eius
1230 3686 1304 3743 liber
1334 3687 1478 3762 prodierit

199 3793 337 3850 quaeque
362 3775 550 3834 continuerit.
582 3776 668 3847 Quod
685 3776 795 3833 attinet
818 3776 857 3833 ad
873 3775 957 3843 illud,
974 3775 1230 3833 Reitzensteinius
1246 3775 1332 3833 nisus
1347 3776 1477 3834 Lucretii

198 3864 339 3922 versibus
364 3862 642 3939 (111150-1174;
673 3864 700 3920 V
717 3863 886 3941 821‚826),
920 3864 1031 3939 quibus
1062 3865 1168 3922 eadem
1189 3864 1251 3921 iere
1275 3866 1475 3939 proferuntur,

198 3970 278 4028 quae
301 3955 380 4010 teste
405 3952 571 4012 Columella
594 3951 706 4028 (111,2
732 3957 762 4011 et
786 3953 815 4030 5)
839 3954 921 4028 apud
944 3952 1133 4010 Tremellium
1156 3951 1341 4026 legebantur,
1368 3955 1478 4012 statuit

199 4042 280 4099 hunc
303 4044 375 4116 post
397 4042 496 4099 editos
519 4042 602 4100 illius
625 4041 729 4110 libros,
754 4042 773 4099 i.
790 4060 814 4099 e.
838 4045 910 4117 post
933 4059 1046 4100 annum
1069 4060 1096 4100 a.
1113 4042 1179 4100 Chr.
1195 4059 1223 4100 n.
1240 4043 1282 4100 54
1306 4043 1475 4118 scripsisse.

198 4131 388 4207 Quamquam
427 4131 493 4205 ipse
532 4131 610 4188 hanc
649 4131 942 4205 argumentationem
969 4132 1070 4188 minus
1096 4131 1231 4189 validam
1269 4149 1338 4189 esse
1372 4132 1476 4189 sensit.

198 4221 295 4289 Quam
327 4220 365 4278 ob
398 4237 460 4276 rem
490 4219 570 4276 hanc
598 4220 808 4295 quaestionem
839 4219 930 4278 misit.
956 4253 994 4261 -
1019 4219 1089 4276 Alia
1116 4219 1169 4277 via
1191 4220 1334 4278 Heinsius
1357 4223 1474 4295 postea,

197 4308 322 4383 quando
346 4308 499 4365 Tremellii
522 4325 600 4383 opus
632 4308 746 4383 publici
778 4308 853 4366 iuris
884 4308 1000 4366 factum
1033 4307 1083 4378 sit,
1109 4311 1243 4367 statuere
1267 4312 1395 4367 conatus
1419 4313 1475 4366 est.

306 4499 324 4568 ¹)
344 4497 379 4554 cl.
405 4499 490 4553 etiam
517 4499 639 4564 Mdnzer,
665 4497 795 4567 Beitrrige
827 4515 876 4552 zur
907 4496 1108 4566 Quellenkritik
1140 4498 1188 4551 der
1215 4496 1398 4568 Naturgesch.
1426 4496 1475 4550 des

198 4569 311 4633 Plinius,
331 4569 424 4624 Berlin
445 4570 520 4635 1897,
539 4586 565 4640 p.
581 4570 622 4624 15.

305 4641 323 4710 *l
343 4641 378 4695 cf.
398 4641 455 4697 Cel.
469 4640 488 4698 1.
509 4640 784 4711 p101.32;11117,4.
822 4640 1042 4710 insignissimum
1065 4639 1093 4693 id
1119 4643 1170 4703 est,
1195 4639 1271 4710 quod
1295 4640 1386 4709 priore
1410 4637 1474 4691 loco

197 4711 285 4766 Varro
305 4713 418 4767 omuino
437 4728 495 4766 non
513 4714 754 4767 commemoratur.

1282 4798 1316 4850 2·
