3525 5342
721 400 944 465 -39-

191 586 310 641 utnon
333 582 374 640 sit
397 600 500 640 macra
530 600 620 658 quam
650 585 685 640 ut
708 583 749 640 sit
776 583 888 652 ieiuna,
926 601 961 640 eo
990 584 1029 641 ad
1058 600 1162 641 omnes
1192 601 1241 641 res
1274 584 1468 653 commodior,

192 689 283 747 quam
307 672 334 729 si
356 671 515 729 inclinabit
537 671 575 729 ad
598 671 682 738 illud,
708 672 789 747 quod
813 671 976 729 deterius“.

299 760 527 836 Theophrastus
559 763 665 818 contra
695 761 771 818 haec
803 761 892 818 docet
915 760 1140 835 c.pl.118‚l:
1178 756 1231 821 Ἑν
1252 763 1299 839 τῷ
1322 758 1410 840 αὐτῷ
1434 758 1470 822 δέ

191 869 263 915 πως
286 847 366 927 γένει
397 852 451 929 τῆς
482 847 579 915 αἰτίας
613 845 675 909 ἐστὶ
708 846 762 908 καὶ
792 845 828 908 τὸ
858 846 904 928 μὴ
935 846 991 928 τὴν
1022 846 1150 928 ἀρίστην
1179 846 1233 908 καὶ
1263 848 1385 927 πίειραν
1414 847 1470 909 καλ

191 935 365 1017 βαῦόγειον
389 934 517 1017 ἀρίστην
540 935 625 997 εῖναν
646 941 711 1004 τοῖς
735 934 878 1017 δένδροις
902 935 979 997 ἀλλὰ
1002 934 1060 1016 τὴν
1085 935 1242 1015 δευτέραν,
1265 941 1311 1017 τῷ
1336 935 1371 999 δὲ
1393 937 1469 1017 σίτῳ

192 1024 320 1106 ἐκείνην.
345 1026 382 1085 cf.
406 1044 429 1084 ο.
453 1026 625 1101 p1.114‚2.
670 1027 849 1085 Mediocrem
880 1029 983 1085 autem
1007 1030 1147 1102 spectant
1174 1028 1249 1084 haec
1272 1029 1366 1085 verba
1388 1045 1412 1085 c.
1429 1029 1469 1102 pl.

190 1115 260 1183 114,
276 1117 309 1174 9:
334 1112 380 1182 ὡς
397 1113 426 1175 δ’
439 1112 549 1181 ἁπλῶς
564 1113 691 1194 εἰπεῖνὴ
707 1114 809 1196 μέσην
831 1114 950 1195 ἔχουσα
965 1118 1029 1175 τῶν
1045 1113 1196 1177 ἐναντίων
1210 1118 1322 1196 κρᾶσιν
1344 1119 1469 1177 πυκνοῦ

191 1201 246 1264 καλ
268 1201 382 1282 ἀραιοῦ
413 1201 467 1264 καὶ
498 1204 599 1284 ξηροῦ
621 1201 675 1264 καὶ
706 1202 807 1283 ὑγροῦ
838 1201 892 1264 καὶ
924 1201 1052 1284 κούφου
1075 1201 1130 1264 καὶ
1151 1203 1278 1284 βαρέος,
1310 1203 1351 1265 ἔτι
1375 1200 1469 1265 δὲτὰ

191 1291 261 1354 ἄνω
284 1290 367 1372 πρὸς
389 1289 426 1353 τὰ
449 1291 538 1352 κάτω
562 1290 725 1372 σύμμετρα
748 1290 869 1360 τούτοις
892 1295 1005 1354 πασῶν
1033 1290 1140 1372 ἀρίστη
1172 1290 1255 1371 πρδς
1277 1292 1400 1354 ἅπαντα
1423 1291 1471 1360 ὡς

191 1380 287 1442 εἰπεῖν
311 1379 426 1461 δένδρα
450 1403 481 1442 τε
503 1379 558 1441 καὶ
588 1379 752 1461 σπέρματα
777 1428 783 1441 .
808 1427 814 1442 .
839 1427 845 1442 .
869 1379 909 1442 οῦ
936 1378 1003 1462 μὴν
1026 1379 1093 1441 ἀλλ’
1119 1380 1224 1442 αὐτῶν
1247 1403 1282 1461 γε
1304 1380 1426 1444 τούτων
1449 1381 1468 1461 ἡ

191 1467 274 1549 πρὸς
296 1468 433 1550 δότερον
448 1468 662 1531 ἀποκλίνουσα
685 1474 740 1551 τῆς
755 1468 970 1537 ἐναντιώσεως
992 1466 1151 1550 κρείττων,
1174 1468 1270 1550 ἣνδὴ
1291 1469 1345 1531 καὶ
1361 1469 1471 1537 ἁπλῶς

191 1557 328 1620 τίδενταί
347 1580 426 1626 τινες
448 1556 577 1639 ἀρίστην
599 1557 663 1621 κτλ.
680 1561 716 1618 cf.
734 1579 757 1618 c.
770 1560 810 1634 pl.
823 1559 863 1617 III
880 1560 909 1628 6,
925 1560 953 1618 8.
968 1593 1014 1602 —
1037 1561 1226 1636 Quamquam
1242 1561 1470 1635 Theophrastus

192 1651 223 1706 et
245 1649 390 1707 Varronis
414 1652 522 1706 auctor
543 1649 677 1707 tortasse
705 1650 830 1707 eandem
860 1651 972 1706 terram
1006 1649 1150 1724 optimam
1185 1650 1333 1717 dixerunt,
1369 1653 1471 1708 tamen

192 1737 268 1796 adeo
292 1754 353 1795 non
377 1738 482 1795 eadem
505 1737 555 1795 vel
578 1737 690 1796 similia
714 1739 802 1812 signa
825 1738 1004 1805 afferuntur,
1037 1737 1179 1795 utillum
1203 1757 1271 1796 esse
1295 1756 1471 1813 expressum

192 1844 253 1884 non
277 1827 406 1894 credam,
432 1827 608 1901 praesertim
631 1844 699 1885 cum
723 1827 759 1884 de
781 1829 862 1884 terra
885 1828 990 1901 pingui
1013 1844 1138 1901 prorsus
1163 1828 1355 1885 dissentiant.

303 1915 366 1972 Iam
398 1915 524 1973 aiioram
548 1916 725 1990 exemplum,
760 1933 819 1991 quo
853 1916 982 1973 dilucide
1006 1919 1141 1991 apparet,
1179 1933 1270 1990 quam
1304 1916 1471 1974 incredibili

192 2004 382 2079 neglegentia
405 2004 566 2062 Gentillius
590 2004 647 2062 has
672 2005 868 2080 quaestiones
890 2005 1066 2062 instituerit.
1102 2005 1211 2062 Scribit
1229 2005 1326 2062 Varro
1341 2005 1355 2062 I
1371 2005 1422 2065 29.
1438 2005 1471 2062 2:

195 2096 324 2172 „terram
340 2110 408 2150 cum
425 2093 553 2167 primum
569 2096 666 2162 arant,
693 2094 887 2168 proscindere
904 2093 1066 2168 appellant,
1085 2111 1152 2150 oum
1169 2094 1286 2161 iterum,
1312 2094 1471 2166 oilringcre

193 2182 295 2239 dicunt
321 2229 327 2242 .
352 2226 358 2238 .
383 2227 389 2240 .
413 2181 503 2240 tertio
528 2199 595 2240 cum
627 2184 716 2239 arant
738 2182 819 2239 iacto
844 2182 967 2251 semine,
1000 2184 1096 2240 boves
1119 2181 1207 2240 lirare
1231 2183 1370 2241 dicuntur
1397 2227 1403 2239 .
1429 2227 1435 2240 .
1464 2226 1470 2240 .

192 2289 254 2328 non
277 2270 353 2328 nulli
377 2273 495 2346 postea,
528 2271 580 2346 qui
605 2273 723 2344 segetes
755 2288 816 2329 non
839 2274 904 2328 tam
927 2270 1008 2329 latas
1032 2272 1146 2329 habent
1168 2315 1175 2329 .
1200 2316 1206 2329 .
1231 2316 1237 2329 .
1261 2289 1314 2347 per
1336 2273 1471 2330 sartores

193 2376 297 2417 occare
321 2355 451 2421 solent“.

303 2448 369 2506 Hae
393 2450 539 2523 quattuor
562 2448 726 2516 arationes,
751 2451 787 2506 ut
802 2449 847 2505 ita
863 2449 970 2516 dicam,
995 2449 1087 2507 unius
1107 2449 1251 2506 sementis
1271 2467 1368 2507 causa
1381 2449 1470 2516 liunt,

193 2555 229 2594 ac
252 2555 432 2612 persuasum
455 2538 553 2596 habeo
577 2538 742 2595 Varronem
767 2538 876 2604 omnia,
904 2555 982 2613 quae
1005 2538 1073 2596 inde
1097 2556 1117 2594 a
1138 2538 1240 2595 verbis
1264 2534 1282 2616 ξ
1302 2538 1332 2596 l:
1364 2555 1471 2616 „seges

192 2627 302 2684 dicitur
326 2669 332 2684 .
357 2672 364 2687 .
389 2623 416 2685 .“
442 2643 541 2702 usque
565 2627 604 2684 ad
634 2627 726 2684 finem
750 2627 859 2701 capitis
890 2627 1012 2701 profert,
1046 2627 1082 2684 de
1106 2644 1163 2684 suo
1188 2627 1338 2684 adiecisse
1361 2627 1399 2684 ad
1424 2643 1470 2693 ea,

194 2733 273 2790 quae
298 2716 379 2790 apud
403 2719 557 2773 auctorem
580 2716 704 2774 invenit.
743 2716 857 2773 Dubito
882 2717 969 2783 enim,
995 2734 1035 2773 an
1050 2733 1141 2773 verus
1166 2716 1301 2789 agricola
1323 2714 1473 2773 eiusmodi

191 2820 240 2863 res
264 2804 431 2862 vilissimas
456 2804 578 2862 omnino
595 2804 752 2868 addiderit.
779 2806 817 2862 ab
835 2805 933 2862 altera
947 2822 1020 2863 vero
1036 2809 1122 2880 parte
1137 2805 1212 2863 haec
1229 2805 1331 2862 omnia
1346 2804 1472 2879 sapiunt

192 2893 367 2961 Varronem,
394 2893 445 2968 qui
469 2893 506 2950 de
529 2893 635 2967 lingua
657 2893 754 2951 latina
777 2893 847 2967 egit,
872 2895 918 2950 ita
940 2897 976 2951 ut
998 2894 1073 2951 haec
1090 2895 1117 2951 ei
1139 2894 1200 2968 ipsi
1223 2895 1387 2952 attribuere
1409 2911 1472 2950 non

192 2999 305 3040 verear.
351 2982 485 3062 Eandem
520 2984 559 3040 ob
595 2999 720 3040 causam
755 2999 816 3040 non
849 2983 955 3040 dubito
993 2986 1092 3041 totum
1127 2984 1220 3057 caput
1254 2981 1331 3040 148
1366 2985 1473 3040 nostro

193 3071 372 3129 adscribere.
396 3104 437 3112 -
462 3070 518 3128 His
550 3088 618 3128 curn
648 3071 751 3129 verbis
775 3071 862 3130 Gent.
887 3072 915 3147 (l.
932 3071 950 3132 l.
975 3091 1002 3147 p.
1024 3071 1094 3149 124)
1120 3071 1250 3130 contulit
1276 3072 1351 3129 haec
1375 3071 1472 3129 Theo-

192 3160 311 3235 phrasti
334 3178 357 3219 o.
375 3160 413 3234 pl.
430 3159 471 3217 111
487 3160 538 3228 20,
554 3160 587 3217 8:
619 3157 673 3219 καὶ
696 3157 771 3219 ὅταν
794 3157 873 3239 μετὰ
905 3156 979 3226 τοὺς
1008 3159 1156 3238 πρώτους
1179 3157 1315 3237 ἀρότους
1336 3157 1474 3223 νεάσωσι

192 3241 285 3308 πάλιν
299 3251 355 3309 τοῦ
371 3244 459 3327 ἦρος,
482 3245 730 3328 μεταβάλλουσιν
745 3245 837 3316 ὅπως
851 3246 907 3328 τὴν
923 3246 1152 3328 ἀναφυομένην
1166 3246 1250 3308 πόαν
1265 3244 1472 3316 ἀπολέσωσιν,

192 3333 255 3396 εἶτα
278 3335 367 3415 δέρει
390 3335 504 3418 ἀροῦσι
527 3334 581 3397 καὶ
603 3335 696 3397 πάλιν
719 3335 793 3397 ὅταν
816 3334 955 3416 μέλλωσι
979 3336 1113 3416 σπείρειν
1135 3335 1302 3415 ῦπήροσαν
1319 3383 1325 3397 .
1342 3383 1372 3398 ..
1393 3334 1471 3415 αῦτη

192 3422 251 3503 μέν
275 3420 333 3486 οῦν
355 3429 411 3506 τῆς
433 3424 544 3505 χώρας
566 3424 585 3504 ἡ
610 3425 806 3504 κατεργασία.
853 3426 943 3496 Quod
967 3427 1059 3500 igitur
1080 3426 1128 3483 hic
1153 3426 1243 3483 etiam
1267 3426 1303 3482 de
1327 3428 1473 3500 quattuor

193 3516 385 3574 arationibus
408 3517 502 3573 verba
525 3516 613 3580 fiunt.
640 3515 800 3573 Gentillius
823 3516 987 3572 Varronem
1011 3515 1081 3572 inde
1104 3515 1232 3590 pendere
1256 3514 1382 3571 censuit.

303 3605 338 3661 V.
355 3605 367 3662 1
384 3605 483 3673 31,2:
510 3604 598 3684 „ideo
622 3605 653 3661 in
668 3604 791 3662 vitiario
815 3604 1006 3679 primitus
1030 3621 1115 3661 cum
1139 3605 1222 3661 exit
1244 3603 1361 3672 vitis,
1385 3604 1473 3660 tota

193 3694 370 3750 resicari
394 3693 517 3761 solet,
543 3695 578 3750 ut
601 3693 731 3750 firmiore
756 3696 909 3750 sarmento
933 3696 1047 3750 eterra
1070 3696 1158 3750 exeat
1182 3695 1273 3766 atque
1296 3691 1328 3748 in
1352 3692 1474 3766 parien-

195 3782 241 3839 dis
267 3781 385 3840 colibus
408 3782 490 3839 vires
513 3783 626 3840 habeat
649 3776 809 3840 maiores“.

305 3871 417 3928 Contra
448 3871 501 3928 Th.
537 3889 561 3928 c.
585 3870 724 3945 p1.1117‚
741 3870 773 3928 3:
811 3868 898 3931 ἅπαν
933 3866 968 3930 δὲ
1004 3866 1105 3948 φυτδν
1140 3867 1215 3929 δταν
1249 3866 1402 3949 έκβλόστῃ
1437 3865 1474 3929 τδ

193 3961 331 4037 πρῶτον,
366 3957 422 4039 έᾷν
450 3956 628 4039 ριζωδῆναι
650 3955 779 4038 μηδὲν
812 3962 1015 4020 κινοῦντα
1049 3961 1129 4018 τῶν
1159 3956 1243 4018 ἅνω
1277 3956 1473 4034 καθάπερ

193 4045 259 4107 ἐπὶ
280 4050 360 4108 τῶν
383 4045 581 4126 ἀμπέλων
604 4050 801 4108 ποιοῦσιν
825 4045 1017 4126 ἀφιέντες
1039 4044 1296 4126 τάςράχους,
1320 4042 1380 4107 εἶδ’
1397 4044 1475 4106 ὅταν

194 4133 352 4215 ἰσχύωσιν,
376 4134 443 4197 τότε
466 4139 635 4215 περιαιρεῖν
657 4133 694 4196 τά
718 4134 787 4197 ἀνω
810 4133 1097 4197 καταλιπόντα
1120 4132 1164 4196 τά
1188 4133 1386 4196 κάλλιστα
1410 4131 1474 4194 καλ

194 4223 238 4285 τά
262 4222 583 4305 ἐπιτηδειότατα
606 4223 812 4304 πεφυκότα
832 4221 924 4304 (κατὰ
940 4222 1002 4305 γὰρ
1016 4221 1054 4284 τὰ
1071 4222 1186 4304 δένδρα
1201 4223 1284 4285 τοῦτ’
1300 4221 1475 4303 ἀναγκαῖον

195 4311 264 4374 οὐδ’
280 4311 389 4392 ὥσπερ
406 4311 456 4374 snt
467 4317 532 4374 τῶν
547 4311 652 4374 ἀλλων
665 4312 811 4393 ἀφαιρεῖν
826 4312 983 4393 ἐνδέχεται
998 4311 1099 4373 πάντα
1115 4311 1169 4372 καὶ
1183 4312 1305 4392 τέμνειν
1320 4309 1473 4391 ίσόγεων).

195 4403 368 4478 Opportune
397 4404 516 4472 accidit,
550 4404 631 4479 quod
662 4407 782 4480 praeter
809 4421 854 4471 ea,
889 4421 967 4478 quae
995 4403 1110 4472 notavi,
1145 4402 1387 4477 Theophrastum
1410 4418 1473 4457 non

126 4551 129 4558 ,
196 4509 265 4550 esse
293 4495 446 4550 auctorem
478 4493 658 4551 confirmant
689 4493 764 4550 haec
789 4491 971 4550 Columellas
1001 4494 1096 4550 verba
1122 4491 1163 4549 IV
1182 4491 1230 4560 10,
1246 4493 1279 4548 2:
1320 4490 1475 4570 „Ideoque

195 4582 341 4654 praedicti
365 4584 505 4640 auctores
531 4579 604 4656 (soil.
627 4581 727 4656 Mago,
760 4581 874 4650 Celsus
908 4579 1039 4657 Atticus)
1068 4580 1217 4655 primitias
1240 4578 1313 4637 vitis
1335 4594 1475 4635 resecare

196 4665 408 4729 censuerunt“.
453 4670 593 4728 Redeunt
626 4670 717 4744 igitur
752 4670 791 4728 ad
814 4670 982 4744 Magonem.
1028 4669 1090 4727 Nec
1121 4669 1235 4737 dubito,
1273 4666 1346 4742 quin
1377 4666 1476 4724 verba
