3525 5342
716 399 939 461 ...77-

295 579 338 638 De
362 580 506 638 arietibus
530 581 605 637 haec
628 580 831 654 proienmtur:

316 669 350 726 V.
367 669 393 726 ΙΙ
411 669 440 738 2,
455 672 484 728 4.
700 668 984 744 geop.XVIlll‚3.
1158 669 1333 736 ColVll3,
1349 670 1377 728 3.
1421 692 1423 696 ⁴

191 760 216 816 1.
241 758 339 816 fronte
391 759 465 815 lana
508 759 613 816 vestiti
663 758 692 816 4.
718 755 975 836 ὅασυμετώπους.

188 937 215 997 2.
239 849 328 994 liliis
353 937 494 994 cornibus
510 935 612 1010 pronis
1069 937 1097 994 6.
1121 936 1241 996 intortis
1264 937 1416 996 cornibus.

52 1101 57 1110 Ι
129 1037 132 1041 ·
241 1026 280 1082 ad
303 1027 441 1082 rostrum.

188 1115 215 1172 3.
241 1114 323 1172 ravis
348 1114 452 1172 oculis
476 1147 478 1152 ,
664 1114 692 1171 3.
715 1108 879 1192 χαροπούς
901 1116 965 1180 τοῖς

707 1199 837 1281 ὄμμασι.

186 1291 215 1348 4.
240 1292 313 1348 lana
328 1291 448 1365 opertis
478 1292 611 1349 auribus.
663 1294 692 1350 7.
715 1289 936 1370 σκεπτομένους
957 1287 994 1350 τὰ

716 1375 782 1440 ὦτα
809 1383 847 1460 τῇ
870 1377 1040 1459 πυκνότητι

714 1471 779 1528 τῶν
802 1467 906 1547 ἐρίων.

188 1558 215 1616 5.
241 1558 342 1632 amplo
365 1561 492 1633 pectore.

188 1647 215 1704 6.
241 1647 375 1747 scapulis
411 1651 441 1705 et
473 1647 612 1706 clunibus
663 1647 691 1707 8.
714 1644 946 1714 πλατυνώτους.

188 1825 215 1880 7.
240 1736 338 1882 ὐῖἳύε
361 1825 425 1883 lata
448 1828 479 1882 et
500 1826 599 1900 longa.
1068 1827 1096 1884 3.
1121 1827 1220 1883 cauda
1242 1827 1426 1901 longissima

349 1913 350 1918 ’
1122 1915 1267 1989 densique
1291 1916 1420 1974 velleris.

187 2002 215 2058 8.
239 2002 344 2102 lingua
371 2021 408 2060 ne
439 2004 526 2062 varia
556 2020 611 2069 nec
744 2003 889 2060 of.XVfl1
906 2003 934 2060 6.
1068 2003 1096 2062 7.
1120 2003 1273 2072 ciVlI3,
1291 2008 1317 2063 1.

239 2108 333 2165 mgra.

665 2182 690 2238 1.
714 2179 867 2258 εὐπαγεῖς.

661 2269 689 2327 2.
713 2265 832 2336 καλοὺς
853 2273 892 2348 τῇ
914 2266 985 2347 θέᾳ.

661 2359 689 2418 5.
713 2356 900 2436 εὐκέρωτας.

565 2442 567 2448 ’
661 2448 689 2505 6.
714 2445 952 2525 ὀλιγοκέρωτας.

661 2536 688 2594 9.
713 2535 843 2615 ἔχοντας
864 2532 939 2603 τσὺς
1067 2536 1095 2594 5.
1118 2537 1249 2595 testibus
1273 2537 1390 2610 amplis

712 2622 1038 2705 ὃιὸὐμουςμεγάλους.

641 2714 689 2772 10.
713 2711 816 2794 μηδὲν
849 2711 1038 2794 ἑτερόχρουν
1066 2713 1095 2772 8.
1118 2715 1173 2772 Vll
1187 2715 1216 2783 3,
1228 2715 1261 2773 2:
1273 2718 1382 2772 neutra
1393 2733 1468 2790 pars

713 2800 763 2862 ἐπὶ
796 2806 853 2863 τοῦ
889 2802 1039 2882 σώματος
1119 2821 1186 2862 esse
1217 2805 1306 2862 debet
1335 2804 1470 2861 discolor

713 2891 850 2970 ἔχοντας.
1117 2893 1216 2951 lanae.

1069 2983 1094 3039 l.
1118 2982 1242 3040 habitus
1266 2983 1348 3040 altus
1372 2985 1468 3056 atque

1119 3089 1269 3146 procerus.

1066 3159 1094 3217 2.
1118 3163 1224 3218 ventro
1248 3160 1397 3234 promisso

1118 3251 1210 3323 atque
1233 3249 1347 3306 lanato.

1064 3336 1093 3394 4.
1116 3337 1216 3394 ironte
1239 3337 1312 3394 lata.

295 3425 421 3499 Pr0pria
443 3425 536 3483 habet
550 3425 645 3484 Varro
671 3427 728 3484 sub
745 3425 764 3482 2
782 3428 813 3482 et
828 3424 857 3492 5,
883 3424 1050 3494 Columella
1073 3427 1130 3484 sub
1150 3426 1175 3482 1.
1194 3426 1222 3483 2.
1239 3425 1268 3493 4,
1295 3425 1464 3482 Cassianus

186 3515 243 3570 sub
270 3514 295 3572 l.
321 3513 349 3572 2.
374 3514 402 3571 5.
428 3515 455 3572 6.

295 3601 338 3659 De
363 3603 485 3677 optimis
509 3605 609 3661 bubus
632 3603 708 3660 hacc
731 3603 885 3677 legrmtur:

280 3692 315 3749 V.
332 3691 359 3748 ll
376 3691 404 3760 5,
419 3691 514 3749 7—8.
704 3709 789 3766 geop.
806 3691 887 3748 XVII
903 3690 932 3760 2,
951 3693 976 3749 1.
1159 3691 1219 3750 Col.
1237 3692 1275 3747 Vl
1296 3692 1322 3759 1,
1338 3691 1366 3748 3.

209 3780 234 3836 1.
259 3782 334 3838 bene
357 3781 552 3854 compositae.
662 3781 687 3839 1.
712 3779 865 3858 εὐπαγεῖς.

207 3869 235 3926 2.
259 3869 383 3942 integris
407 3869 555 3927 membris
1088 3871 1115 3927 3.
1140 3869 1305 3943 grandibus
1314 3868 1467 3926 membris..

207 3957 235 4015 3.
260 3958 416 4032 oblongae.
661 3961 687 4018 2.
711 3956 920 4036 παραμήκεις.
1087 3959 1114 4016 2.
1139 3958 1287 4032 quadrati.

206 4047 235 4103 4.
260 4047 387 4124 amplae.
660 4048 688 4106 3.
713 4045 902 4125 εὐμεγέθεις.

208 4135 235 4192 5.
259 4135 449 4209 nigrantibus
459 4136 608 4193 cornibus
660 4136 688 4196 4.
713 4134 901 4213 εὐκέρωτας.
1086 4138 1114 4193 4.
1139 4136 1282 4194 cornibus
1333 4136 1464 4211 proceris

1141 4243 1177 4282 ac
1207 4225 1398 4299 nigrantibus
1434 4227 1464 4281 et

1139 4314 1283 4373 robustis.

183 4486 282 4537 contra
305 4486 418 4538 constat
441 4500 482 4548 ea,
508 4485 607 4556 quibus
627 4485 774 4540 Gentillius
792 4487 898 4548 nititur,
916 4488 976 4539 tam
994 4502 1109 4555 gravem
1128 4503 1186 4540 rem
1206 4484 1388 4554 comprobare
1405 4500 1465 4539 non

181 4569 273 4623 posse.
310 4555 409 4626 Itaque
431 4571 489 4610 non
508 4556 651 4612 credemus
670 4556 852 4611 Columellam
869 4557 1047 4628 geoponicon
1065 4571 1126 4611 esse
1145 4558 1263 4622 iontem,
1282 4556 1348 4609 dum
1365 4554 1464 4608 validi·

183 4625 278 4680 oribus
301 4627 472 4696 argumentis
498 4628 619 4682 convicti
643 4627 753 4683 erimus
790 4629 922 4684 Fortasse
940 4627 1182 4694 LundstroemiuS‚
1210 4628 1256 4698 qui
1282 4625 1465 4681 Columellam

182 4712 257 4750 nunc
276 4697 340 4762 edit,
361 4698 394 4751 de
413 4699 467 4752 hac
485 4714 515 4752 re
532 4699 667 4752 nonnulla
685 4700 817 4768 proferet.
