3525 5342
737 381 959 444 ..41-

208 562 240 619 in
263 561 365 637 pingui
396 561 517 622 rectius,
541 574 628 636 'quae
652 561 710 619 cibi
742 564 815 620 sunt
842 562 975 629 maioris,
1012 565 1047 619 ut
1076 562 1176 629 holus,
1212 563 1353 630 triticum,
1388 564 1485 638 siligo,

207 650 310 708 linum.
334 646 353 728 ᾗ
370 651 398 708 3.
423 651 572 726 quaedam
589 651 680 708 etiam
697 652 824 709 serenda
838 667 899 708 non
920 653 984 709 tam
1007 653 1128 726 propter
1142 655 1330 725 praesentem
1345 652 1485 720 fructum,

209 756 300 814 quam
324 738 355 796 in
379 756 492 796 annum
519 739 750 814 prospicientem
767 786 774 799 .
791 783 797 797 .
814 782 820 797 .
837 739 942 814 itaque
965 740 1111 814 lupinum,
1137 757 1205 797 cum
1220 741 1321 799 minus
1337 741 1487 799 siliculam

206 827 296 903 cepit,
326 830 357 886 et
379 845 440 885 non
463 827 619 903 nunquam
649 828 774 896 fabalia,
811 829 838 886 si
870 829 909 885 ad
945 829 1073 904 siliquas
1104 847 1165 886 non
1195 830 1241 887 ita
1272 830 1417 904 pervenit,
1453 832 1489 887 ut

206 917 310 974 labam
333 916 431 991 legere
454 917 604 991 expediat,
630 917 657 974 si
681 935 752 992 ager
766 917 894 975 macrior
909 920 965 984 est,
990 935 1044 992 pro
1068 920 1198 976 stercore
1214 918 1332 976 inarare
1355 913 1485 976 solent“.

319 1006 371 1064 Tb
387 1006 416 1063 h.
432 1006 471 1079 pl.
487 1005 556 1063 VIII
573 1006 601 1074 9,
616 1005 646 1064 1:
669 1004 851 1085 καρπίζεται
866 1003 923 1085 τὴν
939 1009 998 1084 γῆν
1013 1004 1147 1085 μάλιστα
1162 1003 1275 1086 πυρός,
1293 1002 1360 1067 εἶτα
1376 1005 1488 1087 κριθή,

207 1092 287 1154 δι’ίλ
310 1091 364 1154 καί
386 1091 405 1154 ὁ
427 1091 487 1172 μὲν
509 1091 636 1172 ἀγαθὴν
660 1093 747 1174 ζητεῖ
764 1092 886 1174 χώραν,
912 1093 930 1174 ἡ
955 1092 990 1156 δὲ
1012 1092 1110 1175 κριθὴ
1136 1092 1265 1156 δύναται
1287 1092 1341 1155 καὶ
1364 1093 1397 1156 ἒν
1417 1099 1486 1162 ταῖς

206 1181 457 1262 ψαφυρωτέραις
480 1180 656 1262 ἐκφέρεινλ)
695 1180 811 1244 τῶνδὲ
833 1181 1004 1263 χεδροπῶν
1026 1181 1160 1263 μάλιστα
1183 1182 1349 1264 ἐρέβινθος
1370 1183 1484 1262 καίπερ

206 1268 369 1350 ἐλάχιστον
397 1268 516 1351 χρόνον
539 1269 572 1332 ἐν
601 1275 639 1352 τῇ
663 1275 703 1351 γῇ
732 1271 850 1350 μένων.
897 1270 916 1332 ὁ
940 1270 974 1333 δὲ
997 1270 1123 1352 κύαμος
1154 1271 1264 1352 ὥσπερ
1295 1270 1409 1352 έλέχθη
1434 1271 1489 1333 καί

204 1358 313 1427 ἄλλως
336 1358 374 1420 οὗ
404 1356 489 1440 βαρὺ
519 1358 573 1421 καλ
606 1359 648 1421 ἔτι
682 1359 842 1441 κοπρίζειν
874 1358 965 1422 δοκεῖ
988 1358 1044 1441 τὴν
1076 1365 1136 1441 γῆν
1159 1359 1210 1422 διὰ
1240 1359 1402 1441 μανότητα
1432 1359 1487 1422 καί

208 1447 371 1528 εὗοηηιίαν.
418 1446 462 1509 δι’
487 1448 505 1510 ὃ
528 1447 582 1509 καὶ
605 1449 636 1510 oi
657 1447 729 1529 περλ
744 1447 953 1511 Μακεδονίαν
975 1448 1029 1510 καλ
1056 1446 1222 1512 Θετταλίαν
1245 1449 1321 1512 ὅταν
1344 1449 1488 1511 ἀνθῶσιν

209 1536 418 1617 ἀνατρέπουσι
441 1534 496 1605 τὰς
519 1536 669 1618 ἀρούρας.
687 1573 722 1582 -
752 1539 947 1598 Intercedunt
969 1540 1047 1598 inter
1061 1540 1118 1599 hos
1140 1541 1226 1598 locos
1241 1541 1386 1613 rationes,
1410 1558 1489 1615 quae

206 1645 357 1686 conexum
388 1629 540 1703 quendam
575 1646 644 1686 esse
678 1629 852 1686 ostendunt.
900 1629 987 1687 Forte
1018 1629 1096 1687 enim
1130 1630 1184 1687 vhr
1216 1630 1332 1687 iactum
1363 1632 1418 1697 est,
1454 1632 1490 1687 nt

208 1716 329 1790 plantis,
366 1734 445 1792 quae
475 1716 598 1774 humum
630 1717 728 1791 magIs
762 1718 903 1776 minusve
938 1721 1098 1792 exsugunt,
1134 1718 1275 1776 tractatis
1308 1718 1346 1776 ad
1373 1718 1490 1776 fabalia

208 1806 396 1874 transiretur,
430 1823 528 1881 neque
551 1809 586 1863 ut
608 1806 703 1864 Varro
727 1807 839 1865 dIceret
869 1807 1003 1864 trIticum
1030 1807 1153 1865 maioris
1178 1825 1246 1865 esse
1270 1807 1328 1865 cibi
1352 1807 1491 1865 sImiIiter

206 1913 245 1952 ac
269 1895 321 1953 Th.
343 1895 411 1953 Ioco
444 1895 605 1953 adnotato:
643 1892 741 1975 πυροί
771 1899 894 1974 τροφῆς
926 1892 1072 1962 πλείονος
1101 1893 1156 1972 καί
1189 1893 1489 1974 οωματωὸεστέρας,

208 1986 364 2059 nequent
395 1983 482 2041 ciceri
513 1983 694 2059 praecipuus
727 1985 813 2042 locus
844 1985 922 2042 inter
951 1985 1104 2059 legumina
1127 1987 1165 2043 ab
1193 1987 1321 2060 utroque
1344 1985 1490 2058 scrIptore

207 2073 432 2131 attribueretur.
467 2073 526 2130 Sed
541 2075 643 2130 tamen
666 2073 706 2142 id,
732 2074 815 2148 quod
830 2073 975 2132 Varronis
999 2077 1105 2132 auctor
1121 2075 1251 2148 cytisum
1275 2074 1314 2131 ad
1338 2073 1490 2148 legumina

207 2161 328 2230 adiecit,
355 2161 394 2218 ad
409 2161 541 2219 tuticum
564 2163 636 2219 item
653 2161 771 2220 addidit
785 2161 886 2231 holus,
911 2162 1069 2237 siliginem,
1094 2163 1197 2232 linum,
1223 2165 1330 2220 contra
1344 2162 1490 2220 hordeum

211 2251 322 2320 omisit,
356 2250 459 2318 eflicit,
496 2253 530 2307 ut
561 2251 694 2308 dubitem
721 2251 866 2309 Varronis
901 2253 995 2309 verba
1025 2251 1064 2308 ad
1097 2252 1338 2327 Theophrastum
1372 2251 1488 2309 referre.

207 2339 275 2409 Quo
299 2339 424 2407 accedit,
451 2340 532 2414 quod
549 2339 631 2414 apud
646 2340 727 2397 huno
750 2340 875 2408 fabalia,
902 2358 969 2398 cum
985 2341 1103 2409 florent,
1130 2342 1212 2415 apud
1226 2340 1320 2409 illum,
1346 2340 1489 2398 siminus

211 2428 250 2485 ad
275 2429 404 2502 siliquas
427 2431 636 2502 pervenerunt,
661 2429 825 2486 inarantur.

321 2517 355 2574 V.
372 2516 385 2574 Ι
403 2516 453 2585 35,
472 2517 502 2575 1:
529 2535 627 2596 „quae
643 2518 704 2575 iam
721 2517 782 2591 egit
805 2517 936 2576 radicem
951 2536 1031 2586 rosa,
1056 2536 1094 2576 ea
1110 2519 1246 2576 caeditur
1264 2519 1298 2575 in
1321 2517 1489 2592 vlrgulas

210 2606 392 2681 palmares
416 2608 446 2662 et
469 2601 634 2664 obruitur“‚

289 2694 292 2701 '
322 2695 373 2752 Th.
391 2694 418 2751 h.
435 2695 474 2771 pl.
491 2695 531 2752 VI
549 2695 577 2763 6,
593 2697 626 2754 6;
664 2692 775 2774 φύεται
797 2692 858 2774 μέν
881 2690 938 2756 οὖν
961 2694 980 2775 ἡ
1006 2693 1147 2775 ῥοθωνίο
1175 2692 1229 2756 καλ
1252 2693 1288 2756 εἰι
1310 2698 1367 2755 τοῦ
1391 2693 1490 2774 σπέρ-

207 2803 340 2862 ματος.
364 2830 371 2842 .
395 2830 401 2843 .
426 2781 464 2843 οὗ
487 2781 553 2863 μὴν
577 2780 654 2844 ἀλλὰ
680 2780 730 2844 διὰ
753 2780 788 2845 τὸ
817 2782 967 2864 βραδέως
989 2783 1220 2865 παραγίνεσθαι
1242 2781 1502 2850 κατακόπτοντες

211 2870 258 2938 ὡς
280 2869 393 2952 ε’λέχθη
416 2868 472 2933 τὸν
495 2869 615 2933 καυλὸν
638 2871 834 2951 φυτεύουσιν.

321 2962 355 3019 V.
372 2961 385 3019 Ι
401 2962 453 3031 44,
468 2963 501 3020 3;
543 2962 596 3040 „In
620 2962 763 3037 Olynthia
794 2958 980 3042 [quotannis]
1011 2963 1160 3022 restibilia
1189 2980 1256 3021 esse
1287 2963 1400 3029 dicunt,
1436 2962 1491 3019 sed

210 3051 262 3118 ita,
288 3053 324 3108 ut
345 3051 435 3108 tertio
459 3068 579 3126 quoque
602 3068 683 3109 anno
707 3052 861 3110 uberiores
885 3052 985 3110 ferant
1006 3047 1154 3110 fructus“.

300 3139 352 3197 Th.
370 3159 393 3197 c.
410 3141 449 3215 pl.
465 3140 478 3197 I
494 3140 546 3209 20,
560 3140 594 3197 4:
619 3138 652 3200 έν
676 3143 754 3218 γοῦν
768 3143 806 3220 τῇ
821 3136 976 3219 Ὀλυνθίᾳ
992 3137 1088 3219 φασὶν
1104 3138 1152 3208 ὡς
1166 3138 1216 3200 ἀεί
1235 3161 1263 3199 τι
1277 3143 1489 3219 καρποφορεῖ,

208 3225 417 3307 παραλλαγὴν
442 3225 476 3288 δὲ
499 3230 662 3289 ποιοῦνται
685 3225 764 3289 κατὰ
787 3228 927 3308 τριετίαν.
950 3263 995 3270 -
1018 3230 1118 3287 Verba
1132 3229 1276 3287 Varronis
1300 3229 1404 3286 eadem
1427 3229 1490 3286 lere

211 3319 292 3386 sunt,
317 3335 414 3392 nequo
438 3318 468 3374 id
492 3318 585 3392 premi
600 3318 679 3385 licet,
706 3318 788 3393 quod
810 3319 844 3375 V.
862 3319 898 3375 de
922 3319 1086 3392 segetibus
1112 3318 1164 3374 Th.
1189 3318 1225 3374 de
1249 3317 1324 3376 oleis
1348 3335 1386 3374 ea
1407 3317 1489 3374 facit.

211 3406 279 3464 Vox
302 3406 401 3464 media
427 3402 652 3487 „aupallqu'“
682 3410 761 3465 recte
795 3407 827 3464 in
857 3406 966 3464 melius
998 3424 1145 3465 conversa
1175 3424 1243 3464 esse
1273 3406 1400 3463 videtur.
1446 3406 1490 3463 De

211 3495 393 3570 quaestione
416 3496 456 3553 ad
479 3513 536 3553 nos
561 3497 728 3570 pertInente
751 3495 826 3554 nihil
849 3496 987 3553 eflicitur.

323 3584 357 3642 V.
375 3585 388 3642 I
403 3585 456 3653 44,
471 3585 504 3642 4:
554 3585 677 3664 „itaque
716 3584 743 3642 si
775 3585 881 3642 florem
917 3586 1095 3643 acerbumve
1130 3583 1227 3659 pirum
1262 3583 1383 3641 aliudve
1418 3583 1490 3658 quid

213 3672 405 3747 decerpseris,
431 3673 462 3731 in
486 3674 590 3731 eodem
613 3673 680 3732 loco
705 3674 809 3732 eodem
833 3690 914 3731 anno
937 3673 1012 3730 nihil
1035 3673 1212 3742 renascitur,
1238 3673 1317 3747 quod
1342 3690 1491 3747 praegna-

210 3761 312 3820 tiones
335 3762 413 3819 idem
436 3763 484 3820 bIs
507 3762 618 3821 habere
641 3780 702 3821 non
726 3765 837 3836 potest,
862 3764 900 3820 ut
922 3763 1000 3820 enim
1016 3762 1156 3820 muheres
1172 3762 1286 3819 habent
1309 3762 1348 3818 ad
1371 3764 1491 3837 partum

213 3850 277 3908 dies
302 3853 408 3919 certae,
435 3851 479 3910 sic
503 3853 625 3909 arbores
649 3870 686 3910 ac
708 3847 865 3926 fruges“.⁵'l

211 4005 423 4016 —-—-—-——a

320 4093 632 4164 ¹memfflQZ

357 4165 476 4220 Plantae
494 4164 578 4218 etiam
607 4165 690 4235 paulo
718 4168 785 4219 ante
803 4182 867 4219 cum
891 4165 1057 4219 anImalibus
1081 4163 1126 4219 his
1148 4164 1177 4217 in
1200 4165 1283 4219 rebus
1301 4163 1492 4219 conteruntur.

211 4236 269 4290 Sed
287 4238 453 4300 sententiae,
482 4252 553 4306 qnae
580 4236 625 4291 his
643 4237 734 4291 verbis
759 4237 871 4290 uberius
897 4239 1062 4307 exponatur,
1091 4235 1219 4306 equidem
1245 4237 1321 4307 apud
1339 4236 1492 4290 Varronem

212 4308 319 4363 nullum
338 4308 420 4362 video
433 4308 593 4376 vestigium,
613 4324 676 4362 cnm
695 4308 769 4378 apud
783 4307 834 4363 Th.
844 4308 930 4362 verba
948 4307 1035 4361 allata
1053 4322 1104 4361 suo
1124 4307 1188 4361 loro
1207 4307 1343 4376 legantur.
1362 4306 1493 4361 EfiieItnr

213 4396 247 4434 ea
274 4396 312 4444 re,
341 4382 373 4433 ut
403 4379 473 4434 haec
497 4379 572 4449 apud
591 4378 745 4433 Varronem
772 4380 842 4434 satis
869 4378 969 4433 misere
992 4378 1159 4449 interposita
1183 4377 1248 4432 sint.
1286 4377 1365 4445 Quod
1385 4377 1492 4430 duabus

212 4450 368 4506 rationibus
387 4450 518 4521 explicari
536 4452 644 4520 potest:
676 4449 742 4516 Aut,
770 4450 799 4504 id
818 4450 895 4520 quod
914 4449 1090 4519 potissimum
1109 4449 1226 4514 credam,
1245 4447 1416 4518 Diophanes
1444 4447 1492 4516 qui

214 4524 289 4576 certe
309 4522 399 4576 multa
426 4521 537 4586 delevit,
565 4521 651 4574 verba
670 4521 814 4590 quaedam,
845 4521 945 4592 quibus
972 4521 1063 4575 bonus
1080 4520 1283 4574 sententiarum
1301 4519 1369 4574 ordo
1389 4516 1492 4598 consti·

213 4593 353 4658 tuebatur,
372 4593 400 4647 tn
419 4593 542 4663 epitoma
559 4607 610 4646 sna
629 4593 724 4647 omisit
741 4609 793 4647 nec
810 4591 923 4662 rehquit
940 4589 993 4646 nisi
1011 4591 1084 4645 hanc
1095 4591 1193 4655 miram
1211 4607 1277 4655 rem,
1296 4592 1346 4643 aut
1363 4588 1399 4642 ab
1411 4587 1491 4642 imtro

214 4663 284 4718 haec
301 4665 387 4719 verba
405 4665 607 4719 sententiarum
630 4679 740 4718 conexu
758 4664 887 4732 neglecto
914 4662 969 4716 hnc
993 4665 1073 4717 erant
1090 4661 1237 4716 interiecta
1254 4662 1314 4716 sive
1331 4676 1350 4713 a
1366 4659 1492 4714 Varrone
