3525 5342
800 399 1014 462 „70-

268 578 461 696 vergiliarum
485 595 627 638 occasum
649 621 702 637 ...
726 580 806 638 vites
830 583 975 654 putere
998 581 1129 657 incipere
1152 583 1183 638 et
1205 598 1375 656 propagare
1398 584 1429 639 et
1451 600 1550 640 serere

269 685 360 742 poma
383 711 389 724 .

374 773 595 832 November
618 771 692 850 (cap.
714 775 763 850 14)
794 775 825 831 in
858 775 987 850 septimo
1016 776 1178 834 intervallo
1210 779 1258 834 est
1289 775 1365 852 (cap.
1382 777 1444 854 35).
1491 777 1550 835 lte-

270 863 421 937 spondent
444 863 501 921 sibi
523 863 603 926 iere:
625 859 704 930 τινὲς
727 859 763 924 dd
776 861 845 924 τότε
859 861 1068 926 κέπόεόουσιν
1090 863 1107 925 d
1114 887 1133 924 ν
1156 867 1241 932 τοῖς
1264 862 1552 944 θερμοτέροις

269 948 434 1022 τόποις,
466 955 496 1009 et
519 948 589 1031 §22
624 952 750 1031 „vincas
774 954 995 1028 arbustumque
1018 950 1173 1028 putare“.⁸
1219 955 1303 1024 Quae
1326 957 1497 1030 sequuntur
1519 956 1551 1013 in
1626 991 1630 999 ,

269 1041 453 1115 geoponicis,
479 1041 633 1099 contraria
655 1041 796 1100 exhibent
818 1059 855 1100 ac
878 1042 1107 1117 Theophrastus
1131 1059 1155 1100 c.
1171 1043 1210 1118 pl.
1225 1043 1265 1100 III
1283 1043 1332 1112 13,
1347 1043 1376 1101 2.

376 1147 592 1205 December
614 1150 767 1221 postremo
792 1146 826 1223 (c.
847 1148 902 1226 15)·
921 1149 1093 1207 continetur
1115 1151 1245 1225 septimo
1269 1152 1300 1207 et
1323 1153 1434 1208 octavo
1457 1151 1549 1208 inter-

270 1235 353 1294 vallo
378 1237 453 1311 (cap.
470 1230 590 1317 35)36).
638 1235 825 1295 Coniercnda
848 1240 920 1296 sunt
942 1235 1014 1318 §72
1037 1237 1080 1298 ἔτι
1104 1235 1384 1306 dinumeratores
1407 1237 1551 1318 φυτεύειν

271 1322 452 1403 ἐπιτήδειον,
484 1341 552 1381 cum
582 1325 675 1406 hisce
691 1325 741 1392 35,
757 1325 792 1388 2:
827 1344 902 1404 „nec
933 1345 994 1386 non
1026 1330 1092 1385 tum
1123 1327 1238 1403 aliquid
1269 1330 1349 1386 recte
1373 1329 1492 1396 seritur,
1516 1331 1552 1385 ut

270 1411 374 1471 ulmi“.
400 1413 529 1471 -Hoc
555 1409 627 1492 „ut“
653 1415 685 1471 ni
708 1413 798 1473 fallor
829 1416 1018 1474 demonstrat
1048 1416 1162 1473 ulmum
1194 1433 1231 1474 ex
1263 1416 1469 1492 compluribus
1501 1435 1551 1474 ar-

205 1558 210 1568 ,
270 1502 394 1560 boribus
418 1519 487 1647 lesse
511 1501 646 1572 electam,
671 1504 837 1579 inquibus
862 1505 954 1562 etiam
977 1508 1124 1563 castanea
1147 1507 1220 1573 erat,
1246 1522 1338 1580 quam
1361 1506 1551 1581 geoponicou

272 1592 378 1648 auctor
401 1589 499 1665 cogit.

378 1715 606 1790 Ephemeridum
630 1717 791 1775 collatione
815 1718 854 1775 ad
877 1719 969 1775 ᾒιιειιι
985 1719 1131 1793 perducta
1147 1722 1274 1794 apparet
1288 1737 1343 1795 pro
1360 1719 1553 1777 multitudine

272 1821 383 1871 eorum,
410 1821 488 1880 quae
511 1823 531 1862 a
554 1805 688 1864 Varrone
712 1806 796 1863 etin
819 1808 996 1882 geoponicis
1020 1808 1224 1882 proteruntur.
1249 1808 1409 1883 perpaucis
1432 1810 1553 1866 tantum

272 1892 347 1950 locis
379 1892 605 1951 similitudinem
636 1895 788 1969 quandam
820 1898 949 1953 exstare.
995 1896 1034 1953 Hi
1065 1898 1168 1955 autem
1198 1897 1320 1955 minime
1343 1897 1445 1954 idonei
1467 1899 1551 1965 sunt,

273 1982 384 2057 quibus
419 1983 584 2040 Varronem
619 2001 689 2042 esse
724 1985 910 2060 exscriptum
945 1984 1181 2053 demonstratum
1220 1986 1311 2045 immo
1350 1988 1436 2060 patet
1473 1986 1553 2043 satis

272 2070 434 2130 multorum
458 2089 524 2129 cam
549 2090 617 2130 esse
640 2072 780 2142 indolem,
814 2077 850 2131 ut
880 2074 1030 2132 contrarie
1052 2075 1157 2149 potius
1179 2092 1240 2132 rem
1264 2093 1298 2133 se
1320 2075 1433 2132 habere
1456 2075 1551 2143 dicas,

272 2160 332 2217 nisi
362 2164 530 2234 temporum
561 2161 679 2218 ratione
710 2162 768 2219 hoc
799 2162 1000 2237 impediretur.
1047 2162 1125 2232 Quid
1156 2181 1193 2220 ea
1223 2181 1255 2220 re
1282 2163 1443 2230 efficiatur,
1474 2163 1555 2221 inira

271 2249 487 2323 profitebimur,
526 2266 593 2306 oum
628 2250 719 2308 etiam
750 2251 838 2325 plura
868 2252 1002 2310 eiusdem
1033 2253 1076 2310 rei
1108 2253 1247 2326 exempla
1269 2252 1485 2327 collegerimus.
1509 2286 1554 2292 —

264 2338 358 2408 'Quod
392 2355 465 2396 vero
488 2338 584 2396 Varro
619 2341 738 2413 praeter
773 2340 936 2410 Quintilios
971 2343 1079 2399 auctor
1108 2340 1259 2409 laudatur,
1293 2342 1350 2399 hoc
1378 2341 1555 2416 simpliciter

273 2426 447 2501 explicatur.
494 2427 589 2485 Varro
625 2428 703 2484 enim
738 2429 811 2503 quin
842 2447 862 2487 a
889 2429 1041 2499 Quintiliis
1075 2430 1226 2503 perlectus
1256 2448 1293 2488 ac
1325 2431 1445 2505 duobus
1476 2430 1554 2488 locis

274 2532 437 2590 expressus
468 2516 518 2584 sit,
551 2517 689 2593 equidem
719 2535 781 2575 uon
812 2517 955 2578 dubitem.
1002 2518 1094 2575 iidem
1125 2522 1235 2587 autem,
1266 2536 1334 2576 cum
1358 2519 1437 2576 hanc
1460 2519 1553 2594 ephe·
1587 2584 1590 2594 Ι

273 2604 413 2661 meridem
444 2604 528 2662 fonte
559 2606 691 2680 quodam
721 2607 782 2664 nisi
813 2608 1046 2676 conscriberent,
1071 2608 1297 2666 adnotaverrmt
1320 2608 1448 2665 similem
1471 2607 1554 2682 apud

274 2693 438 2750 Varronem
462 2696 591 2752 exstare.
630 2694 715 2752 Unde
739 2695 860 2770 aliquis,
887 2697 939 2771 qui
956 2696 1117 2767 Quintilios
1141 2699 1252 2771 postea
1267 2697 1415 2765 adhibuit,
1433 2696 1555 2770 collegit

275 2799 309 2839 cx
347 2781 476 2840 Varrone
511 2800 632 2858 quoque
667 2783 814 2841 nonnulla
848 2801 916 2842 esse
950 2785 1111 2842 translata.
1158 2786 1207 2843 Sic
1241 2785 1295 2843 illa
1324 2786 1413 2860 primi
1443 2785 1554 2859 capitis

273 2871 431 2945 inscriptio
456 2873 523 2928 orta
546 2889 615 2929 esse
639 2872 711 2929 mihi
733 2872 861 2930 videtur.

381 2995 443 3052 Iam
467 2995 619 3070 pergimus
635 2995 720 3054 locos
736 2997 814 3055 intcr
829 3015 862 3054 se
879 3015 1062 3073 comparare.
1100 2998 1240 3072 Legimus
1256 3015 1342 3074 geop.
1358 2998 1449 3067 1121,
1460 2998 1480 3055 4
1493 3014 1555 3073 sq.:

274 3083 336 3144 ἔστι
368 3080 403 3143 δὲ
433 3081 556 3162 κόπρος
585 3081 645 3163 μὲν
675 3082 755 3164 καλὴ
787 3084 807 3164 ἡ
838 3089 903 3148 τῶν
928 3089 1058 3164 πτηνῶν
1081 3085 1233 3147 ἁπάντων
1254 3084 1337 3166 πλὴν
1359 3089 1423 3147 τῶν
1445 3089 1556 3166 χηνῶν

274 3170 328 3233 καὶ
350 3175 414 3232 τῶν
438 3171 583 3251 ἐνύδρων
608 3172 739 3252 όρνεων,
764 3171 815 3234 διὰ
838 3171 895 3254 τὴν
918 3172 1074 3254 ὑγρότητα
1099 3222 1105 3236 .
1130 3221 1137 3235 .
1161 3223 1167 3234 .
1198 3172 1280 3235 πολὺ
1312 3173 1347 3236 δὲ
1374 3173 1511 3235 καλλίων
1534 3173 1554 3254 ἡ

274 3265 338 3322 τῶν
360 3265 554 3340 περιστερῶν
576 3259 657 3323 πολὺ
672 3259 708 3324 τὸ
723 3261 848 3342 θερμὸν
864 3263 991 3343 ἔχουσα,
1009 3261 1057 3324 διό
1072 3285 1151 3331 τινες
1165 3261 1211 3343 μὴ
1228 3263 1433 3335 σκευάζοντες
1448 3261 1556 3342 αὐτήν,

275 3349 341 3411 ἀλλ’
366 3349 460 3412 ὁποία
484 3349 564 3413 ἐστὶν
588 3350 700 3419 ἐῶντες
723 3349 781 3414 σὺν
810 3358 856 3432 τῷ
884 3350 998 3432 σπόρῳ
1020 3352 1252 3432 ἐπιρρίπτουσιν
1275 3351 1462 3432 ἀραιοτέραν
1485 3398 1492 3412 .
1517 3400 1523 3413 .
1548 3398 1556 3412 .

277 3441 304 3498 6.
327 3437 406 3519 μετὰ
431 3437 466 3500 δὲ
496 3437 552 3519 τὴν
575 3443 639 3501 τῶν
662 3445 854 3520 περιστερῶν
878 3441 958 3503 ἔστιν
981 3441 1001 3521 ἡ
1026 3440 1213 3520 ἀνθρωπεία
1246 3440 1426 3518 (sequuntur
1448 3441 1553 3510 multa,

276 3547 354 3605 quac
378 3531 458 3604 apud
484 3531 647 3587 Varronem
670 3548 732 3588 non
756 3530 889 3608 exstant)
914 3534 942 3590 7.
965 3530 1049 3610 τρίτη
1073 3530 1093 3610 ἡ
1118 3529 1202 3591 όνεία
1227 3578 1233 3590 .
1258 3578 1264 3592 .
1290 3578 1296 3590 .
1332 3531 1360 3589 8.
1384 3529 1510 3609 τετάρτη
1534 3529 1555 3610 ι)

275 3621 340 3679 τῶν
363 3617 463 3696 αἰγῶν
487 3664 541 3679 ...
565 3615 619 3678 καὶ
641 3617 660 3697 ἡ
684 3621 749 3678 τῶν
771 3618 945 3698 προβάτων
968 3619 1041 3699 ἑξῆς
1057 3666 1063 3680 .
1081 3667 1087 3679 .
1104 3667 1111 3680 .
1126 3617 1205 3698 μετὰ
1231 3617 1266 3680 δὲ
1286 3617 1402 3686 ταύτας
1417 3618 1437 3698 ἡ
1453 3617 1556 3698 βοείο·

276 3704 414 3767 calidum
438 3704 473 3766 δὲ
494 3705 617 3768 τούτων
640 3703 721 3767 οὖσα
745 3706 849 3786 ἡὺεία
864 3706 990 3787 κόπρος
1005 3706 1217 3788 ἀνεπιτήδειός
1233 3707 1295 3769 ἔστι
1312 3712 1373 3775 τοῖς
1388 3707 1558 3786 σπορίμοις

278 3793 328 3855 διὰ
358 3792 415 3874 τὴν
444 3793 564 3874 πολλὴν
594 3794 691 3875 αὐτῆς
720 3794 920 3876 θερμότητα·
937 3797 1017 3857 καίει
1040 3794 1100 3876 γὰρ
1123 3795 1248 3864 εὐθέως
1270 3794 1308 3856 τὰ
1332 3795 1480 3876 σπόριμα.
1527 3797 1556 3854 9.

277 3881 471 3962 εὐτελεστότη
508 3882 542 3945 δὲ
576 3882 630 3944 καὶ
663 3888 777 3946 πασῶν
810 3883 947 3946 ε’λάιτων
981 3883 1061 3947 ἐστὶν
1092 3885 1111 3965 ἡ
1142 3889 1207 3948 τῶν
1238 3885 1345 3947 ἵππων
1373 3883 1427 3945 καὶ
1449 3885 1469 3966 η
1493 3887 1560 3945 τῶν

277 3969 421 4051 ἡμιόνων
443 3969 528 4052 μόνη
553 3969 633 4034 οὖσα
648 3989 653 4004 ’
669 3974 845 4054 μιγνυμένη
879 3972 914 4035 δὲ
943 3979 1009 4041 ταῖς
1033 3972 1234 4055 δριμυτέροις
1255 3973 1413 4055 χρήσιμος
1436 3973 1558 4053 γίνεται.

305 4151 306 4156 ,
389 4097 444 4155 His
468 4116 535 4155 cum
558 4100 658 4156 verbis
682 4100 709 4157 si
733 4100 872 4158 conferas
897 4119 942 4170 ea,
972 4119 1051 4177 quae
1074 4101 1169 4159 Varro
1193 4100 1303 4168 1381,
1319 4118 1363 4175 sq.
1388 4099 1434 4174 (ci.
1459 4117 1486 4174 p.
1504 4098 1558 4175 40)

278 4205 315 4245 ex
340 4186 447 4244 Cassio
470 4187 504 4244 D.
529 4205 562 4245 sc
585 4188 728 4246 hausisse
752 4189 831 4256 dicit,
865 4189 1028 4247 maximam
1051 4189 1090 4248 iis
1114 4207 1182 4248 esse
1213 4189 1439 4247 similitudinem
1462 4189 1559 4263 primo

279 4278 387 4334 obtutu
419 4275 534 4334 videas.
588 4275 709 4335 Stercus
746 4279 891 4354 optimum
926 4281 1042 4336 noster·
1064 4297 1184 4354 quoque
1219 4277 1389 4337 volucrium
1423 4277 1558 4352 exceptis

278 4365 466 4441 palustribus
498 4383 534 4423 ac
564 4367 710 4425 nautibus
742 4367 822 4435 dicit,
856 4385 872 4424 c
904 4367 1015 4443 quibus
1046 4367 1250 4425 columbinum
1280 4369 1401 4442 propter
1431 4367 1558 4424 eandem

279 4472 404 4512 causam
428 4455 629 4528 anteponitur.
667 4456 742 4512 Tum
759 4457 862 4513 eodem
882 4456 949 4514 loco
971 4457 1132 4532 spargendi
1152 4457 1230 4514 ratio
1251 4454 1420 4530 exponitur.
1458 4453 1557 4528 Insig-

278 4544 438 4601 nissimum
453 4544 484 4600 id
500 4547 556 4612 est,
585 4545 666 4619 quod
686 4547 780 4603 verba
795 4545 940 4603 Varronis
957 4546 1079 4620 propria
1105 4562 1179 4619 ,ego
1204 4544 1354 4602 arbitror.
1372 4587 1378 4601 .
1395 4591 1402 4604 .
1419 4543 1555 4601 accedit“

279 4631 326 4708 (ci.
350 4633 414 4690 Pin.
438 4651 466 4691 u.
491 4634 519 4692 h.
537 4633 616 4690 XVII
629 4632 680 4710 50)
713 4635 744 4691 in
775 4634 951 4709 geoponicis
982 4651 1045 4692 non
1076 4637 1156 4692 sunt.
1211 4633 1284 4690 Item
1320 4633 1453 4690 secundo
1488 4633 1559 4690 loco
