<?xml version="1.0" encoding="UTF-8"?>
<!DOCTYPE html PUBLIC "-//W3C//DTD XHTML 1.0 Transitional//EN"
    "http://www.w3.org/TR/xhtml1/DTD/xhtml1-transitional.dtd">
<html xmlns="http://www.w3.org/1999/xhtml" xml:lang="en" lang="en">
 <head>
  <title>
</title>
<meta http-equiv="Content-Type" content="text/html;charset=utf-8" />
  <meta name='ocr-system' content='tesseract 3.04.00' />
  <meta name='ocr-capabilities' content='ocr_page ocr_carea ocr_par ocr_line ocrx_word'/>
</head>
<body>
  <div class='ocr_page' id='page_1' title='image "./devarronisrerum00hempgoog_0083.png"; bbox 0 0 3525 5342; ppageno 0'>
   <div class='ocr_carea' id='block_1_1' title="bbox 715 440 937 504">
    <p class='ocr_par' dir='ltr' id='par_1_1' title="bbox 715 440 937 504">
     <span class='ocr_line' id='line_1_1' title="bbox 715 440 937 504; baseline -0.005 -17"><span class='ocrx_word' id='word_1_1' title='bbox 715 440 937 504; x_wconf 78' lang='lat'>..81-</span> 
     </span>
    </p>
   </div>
   <div class='ocr_carea' id='block_1_2' title="bbox 639 618 1041 1057">
    <p class='ocr_par' dir='ltr' id='par_1_2' title="bbox 641 618 1040 866">
     <span class='ocr_line' id='line_1_2' title="bbox 641 618 1040 701; baseline 0.005 -22"><span class='ocrx_word' id='word_1_2' title='bbox 641 621 689 681; x_wconf 89' lang='grc'>19.</span> <span class='ocrx_word' id='word_1_3' title='bbox 714 618 768 681; x_wconf 82' lang='grc' dir='ltr'>καὶ</span> <span class='ocrx_word' id='word_1_4' title='bbox 805 618 939 701; x_wconf 80' lang='grc' dir='ltr'><strong><em>μάλιστα</em></strong></span> <span class='ocrx_word' id='word_1_5' title='bbox 976 623 1040 689; x_wconf 81' lang='grc' dir='ltr'><strong><em>τοῖς</em></strong></span> 
     </span>
     <span class='ocr_line' id='line_1_3' title="bbox 713 706 967 788; baseline 0.004 -18"><span class='ocrx_word' id='word_1_6' title='bbox 713 708 870 788; x_wconf 85' lang='grc' dir='ltr'><em>ποιμνίοις</em></span> <span class='ocrx_word' id='word_1_7' title='bbox 892 706 967 777; x_wconf 77' lang='grc' dir='ltr'><strong><em>τοὺς</em></strong></span> 
     </span>
     <span class='ocr_line' id='line_1_4' title="bbox 715 797 984 866; baseline 0.007 -8"><span class='ocrx_word' id='word_1_8' title='bbox 715 797 984 866; x_wconf 77' lang='grc' dir='ltr'>ἀκολουθοῦντας.</span> 
     </span>
    </p>

    <p class='ocr_par' dir='ltr' id='par_1_3' title="bbox 639 886 1041 1057">
     <span class='ocr_line' id='line_1_5' title="bbox 639 886 1040 966; baseline 0.005 -20"><span class='ocrx_word' id='word_1_9' title='bbox 639 888 689 950; x_wconf 87' lang='grc'>22.</span> <span class='ocrx_word' id='word_1_10' title='bbox 714 886 753 948; x_wconf 84' lang='grc' dir='ltr'>ἄν</span> <span class='ocrx_word' id='word_1_11' title='bbox 774 909 806 948; x_wconf 83' lang='grc' dir='ltr'>τε</span> <span class='ocrx_word' id='word_1_12' title='bbox 835 886 939 956; x_wconf 82' lang='grc' dir='ltr'><em>δασεῖς</em></span> <span class='ocrx_word' id='word_1_13' title='bbox 967 909 1040 966; x_wconf 83' lang='grc' dir='ltr'><em>τυγ-</em></span> 
     </span>
     <span class='ocr_line' id='line_1_6' title="bbox 713 974 1041 1057; baseline -0.006 -19"><span class='ocrx_word' id='word_1_14' title='bbox 713 975 835 1057; x_wconf 84' lang='grc' dir='ltr'><strong><em>χάνωσι</em></strong></span> <span class='ocrx_word' id='word_1_15' title='bbox 873 975 960 1044; x_wconf 80' lang='grc' dir='ltr'><strong><em>ὄντες</em></strong></span> <span class='ocrx_word' id='word_1_16' title='bbox 1001 974 1041 1037; x_wconf 80' lang='grc' dir='ltr'>ἄν</span> 
     </span>
    </p>
   </div>
   <div class='ocr_carea' id='block_1_3' title="bbox 640 1064 1468 1479">
    <p class='ocr_par' dir='ltr' id='par_1_4' title="bbox 640 1064 1468 1479">
     <span class='ocr_line' id='line_1_7' title="bbox 712 1064 861 1144; baseline 0 -19"><span class='ocrx_word' id='word_1_17' title='bbox 712 1087 744 1126; x_wconf 86' lang='grc' dir='ltr'>τε</span> <span class='ocrx_word' id='word_1_18' title='bbox 767 1064 861 1144; x_wconf 80' lang='grc' dir='ltr'>ψιλοί.</span> 
     </span>
     <span class='ocr_line' id='line_1_8' title="bbox 640 1150 1041 1234; baseline 0.007 -22"><span class='ocrx_word' id='word_1_19' title='bbox 640 1155 690 1213; x_wconf 86' lang='grc'>24.</span> <span class='ocrx_word' id='word_1_20' title='bbox 713 1150 787 1222; x_wconf 84' lang='grc' dir='ltr'><em>τοὺς</em></span> <span class='ocrx_word' id='word_1_21' title='bbox 811 1151 1041 1234; x_wconf 79' lang='grc' dir='ltr'>πολυαύχενας.</span> 
     </span>
     <span class='ocr_line' id='line_1_9' title="bbox 1092 1244 1467 1320; baseline 0.005 -20"><span class='ocrx_word' id='word_1_22' title='bbox 1092 1246 1119 1301; x_wconf 91' lang='grc'>4.</span> <span class='ocrx_word' id='word_1_23' title='bbox 1144 1244 1311 1320; x_wconf 79' lang='lat' dir='ltr'>quadratus</span> <span class='ocrx_word' id='word_1_24' title='bbox 1361 1245 1467 1318; x_wconf 82' lang='lat' dir='ltr'>potius</span> 
     </span>
     <span class='ocr_line' id='line_1_10' title="bbox 1144 1334 1468 1409; baseline 0.003 -19"><span class='ocrx_word' id='word_1_25' title='bbox 1144 1350 1235 1409; x_wconf 89' lang='lat' dir='ltr'>quam</span> <span class='ocrx_word' id='word_1_26' title='bbox 1268 1334 1378 1406; x_wconf 85' lang='lat' dir='ltr'>longus</span> <span class='ocrx_word' id='word_1_27' title='bbox 1412 1336 1468 1391; x_wconf 90' lang='grc'>551</span> 
     </span>
     <span class='ocr_line' id='line_1_11' title="bbox 1143 1422 1252 1479; baseline 0 0"><span class='ocrx_word' id='word_1_28' title='bbox 1143 1422 1252 1479; x_wconf 83' lang='lat' dir='ltr'>brevis</span> 
     </span>
    </p>
   </div>
   <div class='ocr_carea' id='block_1_4' title="bbox 186 1581 1468 2190">
    <p class='ocr_par' dir='ltr' id='par_1_5' title="bbox 186 1581 1468 2190">
     <span class='ocr_line' id='line_1_12' title="bbox 292 1581 1465 1660; baseline 0.001 -21"><span class='ocrx_word' id='word_1_29' title='bbox 292 1581 389 1639; x_wconf 74' lang='lat' dir='ltr'>Etiam</span> <span class='ocrx_word' id='word_1_30' title='bbox 419 1581 468 1639; x_wconf 90' lang='lat' dir='ltr'>hic</span> <span class='ocrx_word' id='word_1_31' title='bbox 491 1581 653 1656; x_wconf 90' lang='lat' dir='ltr'>unicuique</span> <span class='ocrx_word' id='word_1_32' title='bbox 682 1581 831 1657; x_wconf 79' lang='lat' dir='ltr'>quaedam</span> <span class='ocrx_word' id='word_1_33' title='bbox 854 1581 976 1655; x_wconf 81' lang='lat' dir='ltr'>propria</span> <span class='ocrx_word' id='word_1_34' title='bbox 999 1583 1087 1660; x_wconf 80' lang='lat' dir='ltr'>sunt3</span> <span class='ocrx_word' id='word_1_35' title='bbox 1118 1581 1235 1639; x_wconf 77' lang='lat' dir='ltr'>scilicet</span> <span class='ocrx_word' id='word_1_36' title='bbox 1256 1581 1384 1641; x_wconf 83' lang='lat' dir='ltr'>Varroni</span> <span class='ocrx_word' id='word_1_37' title='bbox 1408 1584 1465 1640; x_wconf 87' lang='lat' dir='ltr'>sub</span> 
     </span>
     <span class='ocr_line' id='line_1_13' title="bbox 189 1668 1467 1747; baseline 0.002 -21"><span class='ocrx_word' id='word_1_38' title='bbox 189 1671 215 1730; x_wconf 86' lang='lat'>1.</span> <span class='ocrx_word' id='word_1_39' title='bbox 241 1670 268 1728; x_wconf 86' lang='lat'>5.</span> <span class='ocrx_word' id='word_1_40' title='bbox 294 1671 323 1728; x_wconf 87' lang='grc'>6.</span> <span class='ocrx_word' id='word_1_41' title='bbox 348 1673 375 1730; x_wconf 93' lang='grc'>7.</span> <span class='ocrx_word' id='word_1_42' title='bbox 401 1671 429 1728; x_wconf 98' lang='grc'>8.</span> <span class='ocrx_word' id='word_1_43' title='bbox 457 1669 505 1729; x_wconf 88' lang='grc'>15.</span> <span class='ocrx_word' id='word_1_44' title='bbox 531 1671 581 1728; x_wconf 87' lang='grc'>16.</span> <span class='ocrx_word' id='word_1_45' title='bbox 609 1671 667 1739; x_wconf 89' lang='grc'>17.,</span> <span class='ocrx_word' id='word_1_46' title='bbox 693 1670 875 1728; x_wconf 80' lang='lat' dir='ltr'>Columellas</span> <span class='ocrx_word' id='word_1_47' title='bbox 900 1672 958 1728; x_wconf 87' lang='lat' dir='ltr'>sub</span> <span class='ocrx_word' id='word_1_48' title='bbox 982 1670 1010 1727; x_wconf 91' lang='lat'>4.</span> <span class='ocrx_word' id='word_1_49' title='bbox 1036 1669 1064 1727; x_wconf 86' lang='lat'>5.</span> <span class='ocrx_word' id='word_1_50' title='bbox 1089 1668 1264 1739; x_wconf 90' lang='grc'>8.10.11.,</span> <span class='ocrx_word' id='word_1_51' title='bbox 1289 1671 1467 1747; x_wconf 85' lang='lat' dir='ltr'>geoponicis</span> 
     </span>
     <span class='ocr_line' id='line_1_14' title="bbox 186 1758 1468 1834; baseline 0 -17"><span class='ocrx_word' id='word_1_52' title='bbox 186 1761 243 1817; x_wconf 88' lang='lat' dir='ltr'>sub</span> <span class='ocrx_word' id='word_1_53' title='bbox 272 1760 319 1817; x_wconf 87' lang='lat'>16.</span> <span class='ocrx_word' id='word_1_54' title='bbox 340 1760 389 1817; x_wconf 95' lang='grc'>19.</span> <span class='ocrx_word' id='word_1_55' title='bbox 406 1758 457 1817; x_wconf 92' lang='lat'>22.</span> <span class='ocrx_word' id='word_1_56' title='bbox 474 1759 525 1817; x_wconf 88' lang='lat'>24.</span> <span class='ocrx_word' id='word_1_57' title='bbox 542 1759 593 1817; x_wconf 85' lang='grc'>25.</span> <span class='ocrx_word' id='word_1_58' title='bbox 617 1792 661 1802; x_wconf 95' lang='lat'><em>-</em></span> <span class='ocrx_word' id='word_1_59' title='bbox 685 1761 767 1830; x_wconf 84' lang='lat' dir='ltr'>Quae</span> <span class='ocrx_word' id='word_1_60' title='bbox 792 1761 917 1817; x_wconf 80' lang='lat' dir='ltr'>exstant</span> <span class='ocrx_word' id='word_1_61' title='bbox 933 1758 1016 1834; x_wconf 85' lang='lat' dir='ltr'>apud</span> <span class='ocrx_word' id='word_1_62' title='bbox 1031 1758 1066 1816; x_wconf 88' lang='lat' dir='ltr'>V.</span> <span class='ocrx_word' id='word_1_63' title='bbox 1083 1760 1141 1816; x_wconf 89' lang='lat' dir='ltr'>sub</span> <span class='ocrx_word' id='word_1_64' title='bbox 1158 1758 1186 1816; x_wconf 88' lang='grc'>4.</span> <span class='ocrx_word' id='word_1_65' title='bbox 1207 1758 1265 1827; x_wconf 72' lang='lat'>12„</span> <span class='ocrx_word' id='word_1_66' title='bbox 1291 1759 1468 1818; x_wconf 74' lang='lat' dir='ltr'>accuratius</span> 
     </span>
     <span class='ocr_line' id='line_1_15' title="bbox 186 1845 1465 1926; baseline 0 -21"><span class='ocrx_word' id='word_1_67' title='bbox 186 1849 339 1922; x_wconf 82' lang='lat' dir='ltr'>exscripta</span> <span class='ocrx_word' id='word_1_68' title='bbox 362 1849 489 1906; x_wconf 77' lang='lat' dir='ltr'>suntin</span> <span class='ocrx_word' id='word_1_69' title='bbox 512 1865 598 1924; x_wconf 87' lang='lat' dir='ltr'>geop.</span> <span class='ocrx_word' id='word_1_70' title='bbox 623 1850 680 1906; x_wconf 91' lang='lat' dir='ltr'>sub</span> <span class='ocrx_word' id='word_1_71' title='bbox 705 1849 732 1905; x_wconf 88' lang='lat'>3.</span> <span class='ocrx_word' id='word_1_72' title='bbox 760 1845 841 1926; x_wconf 83' lang='lat'>103¹)</span> <span class='ocrx_word' id='word_1_73' title='bbox 874 1866 954 1923; x_wconf 83' lang='lat' dir='ltr'>quae</span> <span class='ocrx_word' id='word_1_74' title='bbox 986 1847 1017 1904; x_wconf 95' lang='lat' dir='ltr'>in</span> <span class='ocrx_word' id='word_1_75' title='bbox 1047 1847 1096 1905; x_wconf 93' lang='lat' dir='ltr'>his</span> <span class='ocrx_word' id='word_1_76' title='bbox 1128 1850 1202 1904; x_wconf 74' lang='lat' dir='ltr'>sunl</span> <span class='ocrx_word' id='word_1_77' title='bbox 1232 1850 1289 1905; x_wconf 90' lang='lat' dir='ltr'>sub</span> <span class='ocrx_word' id='word_1_78' title='bbox 1319 1851 1347 1908; x_wconf 82' lang='lat'>7.</span> <span class='ocrx_word' id='word_1_79' title='bbox 1371 1851 1402 1905; x_wconf 93' lang='grc'>51</span> <span class='ocrx_word' id='word_1_80' title='bbox 1426 1849 1465 1915; x_wconf 91' lang='grc'>9.,</span> 
     </span>
     <span class='ocr_line' id='line_1_16' title="bbox 186 1936 1466 2017; baseline 0 -23"><span class='ocrx_word' id='word_1_81' title='bbox 186 1937 270 2017; x_wconf 85' lang='lat' dir='ltr'>apud</span> <span class='ocrx_word' id='word_1_82' title='bbox 293 1937 353 1995; x_wconf 81' lang='lat'>001.</span> <span class='ocrx_word' id='word_1_83' title='bbox 379 1939 435 2016; x_wconf 88' lang='lat' dir='ltr'>sub</span> <span class='ocrx_word' id='word_1_84' title='bbox 453 1937 481 1995; x_wconf 91' lang='grc'>8.</span> <span class='ocrx_word' id='word_1_85' title='bbox 504 1937 588 2005; x_wconf 78' lang='grc'>519..</span> <span class='ocrx_word' id='word_1_86' title='bbox 615 1938 696 2012; x_wconf 84' lang='lat' dir='ltr'>apud</span> <span class='ocrx_word' id='word_1_87' title='bbox 720 1937 754 1994; x_wconf 92' lang='lat' dir='ltr'>V.</span> <span class='ocrx_word' id='word_1_88' title='bbox 778 1955 840 1994; x_wconf 91' lang='lat' dir='ltr'>non</span> <span class='ocrx_word' id='word_1_89' title='bbox 862 1936 1065 1996; x_wconf 75' lang='lat' dir='ltr'>inveniuntur.</span> <span class='ocrx_word' id='word_1_90' title='bbox 1111 1937 1272 1994; x_wconf 80' lang='lat' dir='ltr'>Praeterea</span> <span class='ocrx_word' id='word_1_91' title='bbox 1294 1937 1466 2011; x_wconf 77' lang='lat' dir='ltr'>praedicem</span> 
     </span>
     <span class='ocr_line' id='line_1_17' title="bbox 186 2025 1465 2100; baseline 0 -18"><span class='ocrx_word' id='word_1_92' title='bbox 186 2025 381 2084; x_wconf 77' lang='lat' dir='ltr'>Columellam</span> <span class='ocrx_word' id='word_1_93' title='bbox 398 2026 555 2100; x_wconf 81' lang='lat' dir='ltr'>diligenter</span> <span class='ocrx_word' id='word_1_94' title='bbox 572 2026 749 2084; x_wconf 81' lang='lat' dir='ltr'>distinxisse</span> <span class='ocrx_word' id='word_1_95' title='bbox 765 2043 870 2084; x_wconf 87' lang='lat' dir='ltr'>canem</span> <span class='ocrx_word' id='word_1_96' title='bbox 881 2025 1059 2093; x_wconf 79' lang='lat' dir='ltr'>villaticum,</span> <span class='ocrx_word' id='word_1_97' title='bbox 1072 2025 1254 2094; x_wconf 75' lang='lat' dir='ltr'>venaticum,</span> <span class='ocrx_word' id='word_1_98' title='bbox 1269 2025 1465 2099; x_wconf 76' lang='lat' dir='ltr'>pastoralem,</span> 
     </span>
     <span class='ocr_line' id='line_1_18' title="bbox 187 2113 1466 2190; baseline 0 -18"><span class='ocrx_word' id='word_1_99' title='bbox 187 2132 254 2172; x_wconf 91' lang='lat' dir='ltr'>cum</span> <span class='ocrx_word' id='word_1_100' title='bbox 276 2116 381 2172; x_wconf 79' lang='lat' dir='ltr'>noster</span> <span class='ocrx_word' id='word_1_101' title='bbox 404 2117 615 2172; x_wconf 77' lang='lat' dir='ltr'>commemoret</span> <span class='ocrx_word' id='word_1_102' title='bbox 638 2114 758 2190; x_wconf 88' lang='lat' dir='ltr'>quidem</span> <span class='ocrx_word' id='word_1_103' title='bbox 782 2115 842 2172; x_wconf 96' lang='lat' dir='ltr'>duo</span> <span class='ocrx_word' id='word_1_104' title='bbox 866 2132 936 2172; x_wconf 88' lang='lat' dir='ltr'>esse</span> <span class='ocrx_word' id='word_1_105' title='bbox 951 2131 1063 2187; x_wconf 81' lang='lat' dir='ltr'>genera</span> <span class='ocrx_word' id='word_1_106' title='bbox 1078 2113 1105 2171; x_wconf 94' lang='grc' dir='ltr'><strong><em>Π</em></strong></span> <span class='ocrx_word' id='word_1_107' title='bbox 1120 2115 1149 2182; x_wconf 92' lang='grc'>9,</span> <span class='ocrx_word' id='word_1_108' title='bbox 1165 2114 1194 2183; x_wconf 88' lang='grc'>2,</span> <span class='ocrx_word' id='word_1_109' title='bbox 1219 2114 1251 2171; x_wconf 88' lang='grc'>15</span> <span class='ocrx_word' id='word_1_110' title='bbox 1268 2114 1466 2172; x_wconf 85' lang='lat' dir='ltr'>describendo</span> 
     </span>
    </p>
   </div>
   <div class='ocr_carea' id='block_1_5' title="bbox 186 2203 1464 2353">
    <p class='ocr_par' dir='ltr' id='par_1_6' title="bbox 186 2203 1464 2353">
     <span class='ocr_line' id='line_1_19' title="bbox 186 2203 1464 2278; baseline 0 -18"><span class='ocrx_word' id='word_1_111' title='bbox 186 2206 287 2261; x_wconf 86' lang='grc'>5515111</span> <span class='ocrx_word' id='word_1_112' title='bbox 309 2203 425 2261; x_wconf 88' lang='lat' dir='ltr'>nullum</span> <span class='ocrx_word' id='word_1_113' title='bbox 447 2203 544 2261; x_wconf 87' lang='grc'>155151</span> <span class='ocrx_word' id='word_1_114' title='bbox 566 2203 732 2261; x_wconf 83' lang='lat' dir='ltr'>discrimen.</span> <span class='ocrx_word' id='word_1_115' title='bbox 779 2204 872 2262; x_wconf 79' lang='lat' dir='ltr'>Cuius</span> <span class='ocrx_word' id='word_1_116' title='bbox 903 2203 1066 2278; x_wconf 82' lang='lat' dir='ltr'>vestigium</span> <span class='ocrx_word' id='word_1_117' title='bbox 1094 2203 1227 2261; x_wconf 83' lang='lat' dir='ltr'>fortasse</span> <span class='ocrx_word' id='word_1_118' title='bbox 1251 2204 1353 2261; x_wconf 82' lang='lat' dir='ltr'>estin</span> <span class='ocrx_word' id='word_1_119' title='bbox 1377 2221 1464 2278; x_wconf 86' lang='lat' dir='ltr'>geop.</span> 
     </span>
     <span class='ocr_line' id='line_1_20' title="bbox 186 2293 318 2353; baseline 0.03 -4"><span class='ocrx_word' id='word_1_120' title='bbox 186 2295 243 2351; x_wconf 89' lang='lat' dir='ltr'>sub</span> <span class='ocrx_word' id='word_1_121' title='bbox 270 2293 318 2353; x_wconf 88' lang='grc'>19.</span> 
     </span>
    </p>
   </div>
   <div class='ocr_carea' id='block_1_6' title="bbox 292 2398 927 2474">
    <p class='ocr_par' dir='ltr' id='par_1_7' title="bbox 292 2398 927 2474">
     <span class='ocr_line' id='line_1_21' title="bbox 292 2398 927 2474; baseline 0.005 -17"><span class='ocrx_word' id='word_1_122' title='bbox 292 2400 336 2457; x_wconf 88' lang='lat' dir='ltr'>De</span> <span class='ocrx_word' id='word_1_123' title='bbox 360 2399 483 2474; x_wconf 83' lang='lat' dir='ltr'>optimis</span> <span class='ocrx_word' id='word_1_124' title='bbox 507 2399 596 2472; x_wconf 85' lang='lat' dir='ltr'>gallis</span> <span class='ocrx_word' id='word_1_125' title='bbox 622 2398 697 2457; x_wconf 88' lang='lat' dir='ltr'>haec</span> <span class='ocrx_word' id='word_1_126' title='bbox 720 2399 927 2473; x_wconf 79' lang='lat' dir='ltr'>proferuntur:</span> 
     </span>
    </p>
   </div>
   <div class='ocr_carea' id='block_1_7' title="bbox 310 2522 1407 2599">
    <p class='ocr_par' dir='ltr' id='par_1_8' title="bbox 310 2522 1407 2599">
     <span class='ocr_line' id='line_1_22' title="bbox 310 2522 1407 2599; baseline 0 -19"><span class='ocrx_word' id='word_1_127' title='bbox 310 2522 489 2592; x_wconf 79' lang='grc'>7.1119,5.</span> <span class='ocrx_word' id='word_1_128' title='bbox 676 2541 761 2599; x_wconf 84' lang='lat' dir='ltr'>geop.</span> <span class='ocrx_word' id='word_1_129' title='bbox 777 2523 845 2581; x_wconf 91' lang='lat' dir='ltr'>XIV</span> <span class='ocrx_word' id='word_1_130' title='bbox 863 2523 913 2592; x_wconf 87' lang='grc'>16,</span> <span class='ocrx_word' id='word_1_131' title='bbox 929 2523 947 2580; x_wconf 86' lang='grc'>2</span> <span class='ocrx_word' id='word_1_132' title='bbox 961 2541 1005 2599; x_wconf 92' lang='lat' dir='ltr'>sq.</span> <span class='ocrx_word' id='word_1_133' title='bbox 1127 2522 1407 2598; x_wconf 79' lang='lat' dir='ltr'>001.V1112‚9sq.</span> 
     </span>
    </p>
   </div>
   <div class='ocr_carea' id='block_1_8' title="bbox 196 2629 1468 4575">
    <p class='ocr_par' dir='ltr' id='par_1_9' title="bbox 209 2629 1358 2886">
     <span class='ocr_line' id='line_1_23' title="bbox 211 2629 1358 2689; baseline -0.001 -1"><span class='ocrx_word' id='word_1_134' title='bbox 211 2631 237 2688; x_wconf 93' lang='grc'>1.</span> <span class='ocrx_word' id='word_1_135' title='bbox 261 2631 389 2688; x_wconf 82' lang='lat' dir='ltr'>salaces.</span> <span class='ocrx_word' id='word_1_136' title='bbox 1092 2629 1118 2689; x_wconf 94' lang='grc'>1.</span> <span class='ocrx_word' id='word_1_137' title='bbox 1142 2629 1358 2688; x_wconf 82' lang='lat' dir='ltr'>salacissimos</span> 
     </span>
     <span class='ocr_line' id='line_1_24' title="bbox 209 2716 981 2798; baseline 0.003 -21"><span class='ocrx_word' id='word_1_138' title='bbox 209 2719 236 2777; x_wconf 91' lang='lat'>2.</span> <span class='ocrx_word' id='word_1_139' title='bbox 260 2719 409 2777; x_wconf 77' lang='lat' dir='ltr'>lacertosi.</span> <span class='ocrx_word' id='word_1_140' title='bbox 664 2719 690 2780; x_wconf 93' lang='grc'>1.</span> <span class='ocrx_word' id='word_1_141' title='bbox 714 2716 981 2798; x_wconf 82' lang='grc' dir='ltr'><strong><em>συνεστραμμένοι</em></strong></span> 
     </span>
     <span class='ocr_line' id='line_1_25' title="bbox 715 2805 919 2886; baseline 0.005 -19"><span class='ocrx_word' id='word_1_142' title='bbox 715 2811 780 2874; x_wconf 85' lang='grc' dir='ltr'><strong><em>τοῖς</em></strong></span> <span class='ocrx_word' id='word_1_143' title='bbox 803 2805 919 2886; x_wconf 84' lang='grc' dir='ltr'>ὄγκοις.</span> 
     </span>
    </p>

    <p class='ocr_par' dir='ltr' id='par_1_10' title="bbox 210 2893 1466 3132">
     <span class='ocr_line' id='line_1_26' title="bbox 210 2893 1464 2976; baseline 0.002 -22"><span class='ocrx_word' id='word_1_144' title='bbox 210 2897 237 2954; x_wconf 87' lang='grc'>3.</span> <span class='ocrx_word' id='word_1_145' title='bbox 261 2897 379 2955; x_wconf 79' lang='lat' dir='ltr'>rubenti</span> <span class='ocrx_word' id='word_1_146' title='bbox 403 2897 502 2956; x_wconf 82' lang='lat' dir='ltr'>crista.</span> <span class='ocrx_word' id='word_1_147' title='bbox 661 2896 689 2954; x_wconf 93' lang='lat'>2.</span> <span class='ocrx_word' id='word_1_148' title='bbox 713 2893 938 2976; x_wconf 77' lang='grc' dir='ltr'><em>φοινικόλοφοί</em></span> <span class='ocrx_word' id='word_1_149' title='bbox 957 2917 997 2958; x_wconf 86' lang='grc' dir='ltr'>τε.</span> <span class='ocrx_word' id='word_1_150' title='bbox 1090 2896 1118 2957; x_wconf 89' lang='grc'>5.</span> <span class='ocrx_word' id='word_1_151' title='bbox 1142 2897 1287 2954; x_wconf 87' lang='lat' dir='ltr'>sublimes</span> <span class='ocrx_word' id='word_1_152' title='bbox 1300 2896 1464 2971; x_wconf 81' lang='lat' dir='ltr'>sanguine·</span> 
     </span>
     <span class='ocr_line' id='line_1_27' title="bbox 1144 2986 1466 3062; baseline 0.003 -20"><span class='ocrx_word' id='word_1_153' title='bbox 1144 3003 1240 3062; x_wconf 86' lang='lat' dir='ltr'>aeque</span> <span class='ocrx_word' id='word_1_154' title='bbox 1255 3003 1310 3043; x_wconf 92' lang='lat' dir='ltr'>nec</span> <span class='ocrx_word' id='word_1_155' title='bbox 1323 2986 1466 3062; x_wconf 83' lang='lat' dir='ltr'>obliquae</span> 
     </span>
     <span class='ocr_line' id='line_1_28' title="bbox 1143 3075 1260 3132; baseline 0 0"><span class='ocrx_word' id='word_1_156' title='bbox 1143 3075 1260 3132; x_wconf 84' lang='grc'>5115155.</span> 
     </span>
    </p>

    <p class='ocr_par' dir='ltr' id='par_1_11' title="bbox 208 3159 1468 3242">
     <span class='ocr_line' id='line_1_29' title="bbox 208 3159 1468 3242; baseline 0.001 -24"><span class='ocrx_word' id='word_1_157' title='bbox 208 3163 358 3222; x_wconf 78' lang='grc'>4155115</span> <span class='ocrx_word' id='word_1_158' title='bbox 396 3162 479 3221; x_wconf 85' lang='lat' dir='ltr'>brevi</span> <span class='ocrx_word' id='word_1_159' title='bbox 521 3163 610 3237; x_wconf 88' lang='lat' dir='ltr'>pleno</span> <span class='ocrx_word' id='word_1_160' title='bbox 661 3163 689 3221; x_wconf 87' lang='lat'>3.</span> <span class='ocrx_word' id='word_1_161' title='bbox 714 3160 832 3242; x_wconf 82' lang='grc' dir='ltr'><em>ῥύγχος</em></span> <span class='ocrx_word' id='word_1_162' title='bbox 933 3159 1037 3242; x_wconf 81' lang='grc' dir='ltr'><em>βραχὺ</em></span> <span class='ocrx_word' id='word_1_163' title='bbox 1088 3165 1116 3221; x_wconf 94' lang='grc'>7.</span> <span class='ocrx_word' id='word_1_164' title='bbox 1140 3163 1244 3220; x_wconf 85' lang='lat' dir='ltr'>brevia</span> <span class='ocrx_word' id='word_1_165' title='bbox 1282 3165 1312 3220; x_wconf 87' lang='grc'>51</span> <span class='ocrx_word' id='word_1_166' title='bbox 1346 3163 1468 3220; x_wconf 84' lang='lat' dir='ltr'>adunca</span> 
     </span>
    </p>

    <p class='ocr_par' dir='ltr' id='par_1_12' title="bbox 209 3250 1465 3774">
     <span class='ocr_line' id='line_1_30' title="bbox 264 3250 1250 3330; baseline -0.003 -20"><span class='ocrx_word' id='word_1_167' title='bbox 264 3255 363 3310; x_wconf 87' lang='grc'>55515.</span> <span class='ocrx_word' id='word_1_168' title='bbox 612 3251 614 3260; x_wconf 62' lang='lat'><strong><em>⁴</em></strong></span> <span class='ocrx_word' id='word_1_169' title='bbox 716 3250 846 3330; x_wconf 80' lang='grc' dir='ltr'>ἔχοντες.</span> <span class='ocrx_word' id='word_1_170' title='bbox 1143 3253 1250 3308; x_wconf 79' lang='lat' dir='ltr'>rostra.</span> 
     </span>
     <span class='ocr_line' id='line_1_31' title="bbox 209 3337 1465 3419; baseline -0.001 -21"><span class='ocrx_word' id='word_1_171' title='bbox 209 3340 236 3398; x_wconf 84' lang='lat'>5.</span> <span class='ocrx_word' id='word_1_172' title='bbox 260 3342 343 3398; x_wconf 86' lang='lat' dir='ltr'>ravis</span> <span class='ocrx_word' id='word_1_173' title='bbox 401 3341 498 3399; x_wconf 90' lang='lat' dir='ltr'>oculis</span> <span class='ocrx_word' id='word_1_174' title='bbox 556 3342 612 3398; x_wconf 89' lang='grc'>551</span> <span class='ocrx_word' id='word_1_175' title='bbox 659 3340 688 3398; x_wconf 92' lang='grc'>4.</span> <span class='ocrx_word' id='word_1_176' title='bbox 712 3337 889 3419; x_wconf 82' lang='grc' dir='ltr'><em>εὗχάροποί</em></span> <span class='ocrx_word' id='word_1_177' title='bbox 914 3360 946 3399; x_wconf 85' lang='grc' dir='ltr'>τε</span> <span class='ocrx_word' id='word_1_178' title='bbox 972 3342 1038 3406; x_wconf 80' lang='grc' dir='ltr'><em>ταῖς</em></span> <span class='ocrx_word' id='word_1_179' title='bbox 1088 3340 1116 3398; x_wconf 89' lang='grc'>6.</span> <span class='ocrx_word' id='word_1_180' title='bbox 1140 3339 1238 3397; x_wconf 84' lang='lat' dir='ltr'>ravidi</span> <span class='ocrx_word' id='word_1_181' title='bbox 1248 3339 1298 3396; x_wconf 85' lang='lat' dir='ltr'>vel</span> <span class='ocrx_word' id='word_1_182' title='bbox 1310 3339 1465 3412; x_wconf 84' lang='lat' dir='ltr'>nigrantes</span> 
     </span>
     <span class='ocr_line' id='line_1_32' title="bbox 263 3424 1231 3506; baseline -0.002 -19"><span class='ocrx_word' id='word_1_183' title='bbox 263 3430 364 3505; x_wconf 80' lang='lat' dir='ltr'>nigris.</span> <span class='ocrx_word' id='word_1_184' title='bbox 716 3426 809 3506; x_wconf 80' lang='grc' dir='ltr'><strong><em>ὄψεσι</em></strong></span> <span class='ocrx_word' id='word_1_185' title='bbox 832 3425 886 3488; x_wconf 77' lang='grc' dir='ltr'>καὶ</span> <span class='ocrx_word' id='word_1_186' title='bbox 900 3424 1036 3505; x_wconf 80' lang='grc' dir='ltr'><strong><em>μελανό-</em></strong></span> <span class='ocrx_word' id='word_1_187' title='bbox 1144 3427 1231 3486; x_wconf 91' lang='lat' dir='ltr'>oculi.</span> 
     </span>
     <span class='ocr_line' id='line_1_33' title="bbox 715 3514 869 3597; baseline 0 -21"><span class='ocrx_word' id='word_1_188' title='bbox 715 3514 869 3597; x_wconf 74' lang='grc' dir='ltr'>φθαλμοι.</span> 
     </span>
     <span class='ocr_line' id='line_1_34' title="bbox 209 3602 1465 3684; baseline -0.002 -19"><span class='ocrx_word' id='word_1_189' title='bbox 209 3607 350 3681; x_wconf 72' lang='grc'>1155155</span> <span class='ocrx_word' id='word_1_190' title='bbox 365 3609 456 3665; x_wconf 83' lang='lat' dir='ltr'>rubra</span> <span class='ocrx_word' id='word_1_191' title='bbox 473 3607 610 3665; x_wconf 87' lang='lat' dir='ltr'>subalbi·</span> <span class='ocrx_word' id='word_1_192' title='bbox 661 3606 689 3664; x_wconf 88' lang='lat'>5.</span> <span class='ocrx_word' id='word_1_193' title='bbox 712 3602 748 3666; x_wconf 84' lang='grc' dir='ltr'>τὸ</span> <span class='ocrx_word' id='word_1_194' title='bbox 772 3604 890 3684; x_wconf 78' lang='grc' dir='ltr'><em>γένειον</em></span> <span class='ocrx_word' id='word_1_195' title='bbox 910 3603 1038 3684; x_wconf 80' lang='grc' dir='ltr'><strong><em>ροὄίζσν</em></strong></span> <span class='ocrx_word' id='word_1_196' title='bbox 1089 3606 1117 3664; x_wconf 88' lang='grc'>9.</span> <span class='ocrx_word' id='word_1_197' title='bbox 1141 3606 1248 3681; x_wconf 82' lang='lat' dir='ltr'>paleae</span> <span class='ocrx_word' id='word_1_198' title='bbox 1293 3623 1330 3662; x_wconf 89' lang='lat' dir='ltr'>ex</span> <span class='ocrx_word' id='word_1_199' title='bbox 1373 3606 1465 3663; x_wconf 85' lang='lat' dir='ltr'>rutilo</span> 
     </span>
     <span class='ocr_line' id='line_1_35' title="bbox 263 3685 1319 3774; baseline -0.002 -21"><span class='ocrx_word' id='word_1_200' title='bbox 263 3696 353 3754; x_wconf 87' lang='grc'>55511.</span> <span class='ocrx_word' id='word_1_201' title='bbox 435 3685 437 3690; x_wconf 65' lang='grc'><strong>’</strong></span> <span class='ocrx_word' id='word_1_202' title='bbox 716 3693 847 3774; x_wconf 83' lang='grc' dir='ltr'>ἔχοντες.</span> <span class='ocrx_word' id='word_1_203' title='bbox 1144 3694 1319 3752; x_wconf 87' lang='lat' dir='ltr'>albicantes.</span> 
     </span>
    </p>

    <p class='ocr_par' dir='ltr' id='par_1_13' title="bbox 209 3781 1466 3863">
     <span class='ocr_line' id='line_1_36' title="bbox 209 3781 1466 3863; baseline -0.002 -20"><span class='ocrx_word' id='word_1_204' title='bbox 209 3787 236 3842; x_wconf 92' lang='grc'>7.</span> <span class='ocrx_word' id='word_1_205' title='bbox 262 3785 338 3843; x_wconf 86' lang='grc'>55115</span> <span class='ocrx_word' id='word_1_206' title='bbox 362 3785 447 3843; x_wconf 87' lang='lat' dir='ltr'>vario</span> <span class='ocrx_word' id='word_1_207' title='bbox 472 3788 526 3843; x_wconf 86' lang='grc'>551</span> <span class='ocrx_word' id='word_1_208' title='bbox 553 3802 610 3843; x_wconf 89' lang='lat' dir='ltr'>au·</span> <span class='ocrx_word' id='word_1_209' title='bbox 662 3783 690 3842; x_wconf 84' lang='lat'>6.</span> <span class='ocrx_word' id='word_1_210' title='bbox 713 3781 890 3863; x_wconf 80' lang='grc' dir='ltr'><em>τραχήλους</em></span> <span class='ocrx_word' id='word_1_211' title='bbox 922 3804 955 3844; x_wconf 88' lang='grc' dir='ltr'>τε</span> <span class='ocrx_word' id='word_1_212' title='bbox 985 3781 1037 3844; x_wconf 81' lang='grc' dir='ltr'>εὗ-</span> <span class='ocrx_word' id='word_1_213' title='bbox 1068 3783 1117 3842; x_wconf 93' lang='grc'>10.</span> <span class='ocrx_word' id='word_1_214' title='bbox 1141 3784 1231 3841; x_wconf 90' lang='grc'>151155</span> <span class='ocrx_word' id='word_1_215' title='bbox 1244 3783 1350 3840; x_wconf 88' lang='lat' dir='ltr'>deinde</span> <span class='ocrx_word' id='word_1_216' title='bbox 1359 3783 1466 3840; x_wconf 85' lang='lat' dir='ltr'>variae</span> 
     </span>
    </p>

    <p class='ocr_par' dir='ltr' id='par_1_14' title="bbox 196 3870 1466 3951">
     <span class='ocr_line' id='line_1_37' title="bbox 196 3870 1466 3951; baseline -0.001 -20"><span class='ocrx_word' id='word_1_217' title='bbox 196 3921 197 3924; x_wconf 49' lang='lat'>.</span> <span class='ocrx_word' id='word_1_218' title='bbox 263 3875 353 3932; x_wconf 87' lang='lat' dir='ltr'>reolo.</span> <span class='ocrx_word' id='word_1_219' title='bbox 715 3876 824 3951; x_wconf 82' lang='grc' dir='ltr'><em>παγεῖς</em></span> <span class='ocrx_word' id='word_1_220' title='bbox 853 3870 909 3932; x_wconf 81' lang='grc' dir='ltr'>καὶ</span> <span class='ocrx_word' id='word_1_221' title='bbox 934 3871 1037 3933; x_wconf 81' lang='grc' dir='ltr'><strong><em>ποικί-</em></strong></span> <span class='ocrx_word' id='word_1_222' title='bbox 1142 3872 1244 3930; x_wconf 85' lang='lat' dir='ltr'>velex</span> <span class='ocrx_word' id='word_1_223' title='bbox 1260 3889 1334 3930; x_wconf 87' lang='lat' dir='ltr'>auro</span> <span class='ocrx_word' id='word_1_224' title='bbox 1353 3872 1466 3931; x_wconf 85' lang='lat' dir='ltr'>flavae.</span> 
     </span>
    </p>

    <p class='ocr_par' dir='ltr' id='par_1_15' title="bbox 715 3960 1037 4041">
     <span class='ocr_line' id='line_1_38' title="bbox 715 3960 1037 4041; baseline 0 -19"><span class='ocrx_word' id='word_1_225' title='bbox 715 3960 791 4028; x_wconf 77' lang='grc' dir='ltr'><strong><em>λοσς</em></strong></span> <span class='ocrx_word' id='word_1_226' title='bbox 806 3965 869 4028; x_wconf 84' lang='grc' dir='ltr'><em>τοῖς</em></span> <span class='ocrx_word' id='word_1_227' title='bbox 881 3960 1037 4041; x_wconf 83' lang='grc' dir='ltr'>χρώμασι.</span> 
     </span>
    </p>

    <p class='ocr_par' dir='ltr' id='par_1_16' title="bbox 208 4050 1467 4392">
     <span class='ocr_line' id='line_1_39' title="bbox 208 4050 1467 4126; baseline 0 -18"><span class='ocrx_word' id='word_1_228' title='bbox 208 4051 236 4108; x_wconf 91' lang='grc'>8.</span> <span class='ocrx_word' id='word_1_229' title='bbox 260 4051 421 4109; x_wconf 82' lang='lat' dir='ltr'>feminibus</span> <span class='ocrx_word' id='word_1_230' title='bbox 445 4051 560 4126; x_wconf 79' lang='lat' dir='ltr'>pilosis</span> <span class='ocrx_word' id='word_1_231' title='bbox 626 4106 628 4111; x_wconf 87' lang='grc'><strong>,</strong></span> <span class='ocrx_word' id='word_1_232' title='bbox 1068 4051 1117 4109; x_wconf 91' lang='grc'>14.</span> <span class='ocrx_word' id='word_1_233' title='bbox 1141 4050 1213 4124; x_wconf 89' lang='lat' dir='ltr'>quin</span> <span class='ocrx_word' id='word_1_234' title='bbox 1248 4050 1338 4108; x_wconf 87' lang='grc'>5115111</span> <span class='ocrx_word' id='word_1_235' title='bbox 1373 4051 1467 4108; x_wconf 75' lang='lat' dir='ltr'>vaste</span> 
     </span>
     <span class='ocr_line' id='line_1_40' title="bbox 1142 4139 1466 4213; baseline 0.003 -18"><span class='ocrx_word' id='word_1_236' title='bbox 1142 4139 1256 4196; x_wconf 87' lang='grc'>15111155</span> <span class='ocrx_word' id='word_1_237' title='bbox 1279 4142 1309 4196; x_wconf 89' lang='grc'>51</span> <span class='ocrx_word' id='word_1_238' title='bbox 1323 4140 1466 4213; x_wconf 80' lang='lat' dir='ltr'>frequen·</span> 
     </span>
     <span class='ocr_line' id='line_1_41' title="bbox 1142 4228 1419 4286; baseline 0 -1"><span class='ocrx_word' id='word_1_239' title='bbox 1142 4231 1188 4285; x_wconf 80' lang='lat' dir='ltr'>ter</span> <span class='ocrx_word' id='word_1_240' title='bbox 1229 4228 1419 4286; x_wconf 73' lang='lat' dir='ltr'>horrentibus</span> 
     </span>
     <span class='ocr_line' id='line_1_42' title="bbox 1143 4316 1355 4392; baseline -0.005 -18"><span class='ocrx_word' id='word_1_241' title='bbox 1143 4316 1244 4392; x_wconf 89' lang='lat' dir='ltr'>pinnis</span> <span class='ocrx_word' id='word_1_242' title='bbox 1268 4316 1355 4374; x_wconf 82' lang='lat' dir='ltr'>hirta.</span> 
     </span>
    </p>

    <p class='ocr_par' dir='ltr' id='par_1_17' title="bbox 209 4403 1465 4486">
     <span class='ocr_line' id='line_1_43' title="bbox 209 4403 1465 4486; baseline -0.002 -23"><span class='ocrx_word' id='word_1_243' title='bbox 209 4407 236 4463; x_wconf 93' lang='grc'>9.</span> <span class='ocrx_word' id='word_1_244' title='bbox 262 4407 397 4464; x_wconf 91' lang='lat' dir='ltr'>cruribus</span> <span class='ocrx_word' id='word_1_245' title='bbox 421 4406 572 4466; x_wconf 87' lang='lat' dir='ltr'>brevibus.</span> <span class='ocrx_word' id='word_1_246' title='bbox 661 4409 688 4466; x_wconf 93' lang='grc'>7.</span> <span class='ocrx_word' id='word_1_247' title='bbox 713 4403 806 4486; x_wconf 78' lang='grc' dir='ltr'><strong><em>σκέλη</em></strong></span> <span class='ocrx_word' id='word_1_248' title='bbox 832 4403 1004 4485; x_wconf 81' lang='grc' dir='ltr'>φολιδωτά,</span> <span class='ocrx_word' id='word_1_249' title='bbox 1069 4406 1382 4464; x_wconf 76' lang='grc'>151511551551515</span> <span class='ocrx_word' id='word_1_250' title='bbox 1408 4421 1465 4461; x_wconf 92' lang='lat' dir='ltr'>nec</span> 
     </span>
    </p>

    <p class='ocr_par' dir='ltr' id='par_1_18' title="bbox 715 4491 1466 4575">
     <span class='ocr_line' id='line_1_44' title="bbox 715 4491 1466 4575; baseline -0.007 -21"><span class='ocrx_word' id='word_1_251' title='bbox 715 4493 875 4575; x_wconf 83' lang='grc' dir='ltr'><em>παχύτερα</em></span> <span class='ocrx_word' id='word_1_252' title='bbox 917 4491 1037 4574; x_wconf 63' lang='grc' dir='ltr'><strong><em>μᾶλὶον</em></strong></span> <span class='ocrx_word' id='word_1_253' title='bbox 1142 4495 1243 4569; x_wconf 83' lang='lat' dir='ltr'>longa,</span> <span class='ocrx_word' id='word_1_254' title='bbox 1268 4494 1322 4551; x_wconf 90' lang='lat' dir='ltr'>sed</span> <span class='ocrx_word' id='word_1_255' title='bbox 1344 4492 1466 4550; x_wconf 80' lang='lat' dir='ltr'>infestis</span> 
     </span>
    </p>
   </div>
   <div class='ocr_carea' id='block_1_9' title="bbox 184 4617 398 4626">
    <p class='ocr_par' dir='ltr' id='par_1_19' title="bbox 184 4617 398 4626">
     <span class='ocr_line' id='line_1_45' title="bbox 184 4617 398 4626; baseline -0.009 0"><span class='ocrx_word' id='word_1_256' title='bbox 184 4617 398 4626; x_wconf 78' lang='lat'>---—-—-</span> 
     </span>
    </p>
   </div>
   <div class='ocr_carea' id='block_1_10' title="bbox 239 4701 1287 4872">
    <p class='ocr_par' dir='ltr' id='par_1_20' title="bbox 239 4701 1287 4872">
     <span class='ocr_line' id='line_1_46' title="bbox 294 4701 1273 4774; baseline -0.002 -18"><span class='ocrx_word' id='word_1_257' title='bbox 294 4703 311 4772; x_wconf 80' lang='lat'>1)</span> <span class='ocrx_word' id='word_1_258' title='bbox 332 4703 367 4758; x_wconf 83' lang='lat' dir='ltr'>cs.</span> <span class='ocrx_word' id='word_1_259' title='bbox 387 4703 491 4756; x_wconf 84' lang='lat' dir='ltr'>Heinze</span> <span class='ocrx_word' id='word_1_260' title='bbox 509 4704 557 4758; x_wconf 91' lang='grc'>1.1.</span> <span class='ocrx_word' id='word_1_261' title='bbox 578 4721 604 4773; x_wconf 92' lang='lat' dir='ltr'>p.</span> <span class='ocrx_word' id='word_1_262' title='bbox 617 4703 670 4757; x_wconf 86' lang='grc'>437</span> <span class='ocrx_word' id='word_1_263' title='bbox 688 4703 723 4756; x_wconf 84' lang='lat' dir='ltr'>ad</span> <span class='ocrx_word' id='word_1_264' title='bbox 742 4719 824 4774; x_wconf 83' lang='lat' dir='ltr'>geop.</span> <span class='ocrx_word' id='word_1_265' title='bbox 837 4703 900 4756; x_wconf 89' lang='lat' dir='ltr'>XVI</span> <span class='ocrx_word' id='word_1_266' title='bbox 914 4703 938 4768; x_wconf 90' lang='lat'>1,</span> <span class='ocrx_word' id='word_1_267' title='bbox 951 4702 1062 4766; x_wconf 85' lang='grc'>12-16,</span> <span class='ocrx_word' id='word_1_268' title='bbox 1083 4703 1112 4756; x_wconf 88' lang='grc'>51</span> <span class='ocrx_word' id='word_1_269' title='bbox 1130 4702 1162 4755; x_wconf 93' lang='lat' dir='ltr'>V.</span> <span class='ocrx_word' id='word_1_270' title='bbox 1176 4701 1201 4754; x_wconf 94' lang='lat' dir='ltr'>ll</span> <span class='ocrx_word' id='word_1_271' title='bbox 1213 4702 1238 4766; x_wconf 91' lang='grc'>7,</span> <span class='ocrx_word' id='word_1_272' title='bbox 1248 4701 1273 4754; x_wconf 85' lang='grc'>2.</span> 
     </span>
     <span class='ocr_line' id='line_1_47' title="bbox 239 4807 1287 4872; baseline 0.003 -14"><span class='ocrx_word' id='word_1_273' title='bbox 239 4816 349 4872; x_wconf 86' lang='lat' dir='ltr'>Hempel.</span> <span class='ocrx_word' id='word_1_274' title='bbox 1269 4807 1287 4861; x_wconf 85' lang='grc'><strong>6</strong></span> 
     </span>
    </p>
   </div>
   <div class='ocr_carea' id='block_1_11' title="bbox 0 0 1768 5342">
    <p class='ocr_par' dir='ltr' id='par_1_21' title="bbox 0 0 1768 5342">
     <span class='ocr_line' id='line_1_48' title="bbox 0 0 1768 5342; baseline 0 0"><span class='ocrx_word' id='word_1_275' title='bbox 0 0 1768 5342; x_wconf 95' lang='lat' dir='ltr'> </span> 
     </span>
    </p>
   </div>
  </div>
 </body>
</html>
