3525 5342
900 397 1030 462 74-

281 582 353 644 οὔτε
375 581 481 662 αἵματι
504 579 576 642 οὔτε
597 577 766 660 λνῑάοματι
781 577 888 641 οὐδενί
901 577 1116 658 apostatatur,
1138 573 1217 638 dut
1231 574 1343 656 μόνοις
1356 579 1421 643 τοῖς
1443 571 1565 654 γλυκὺν

281 671 389 752 ἔχουσι
410 668 466 732 τὸν
488 667 602 750 χυμόν.
641 671 678 728 ci.
703 669 765 730 (iol.
780 669 819 727 lX
835 668 865 738 5,
876 669 905 726 6.

387 761 534 819 Varronis
557 761 652 818 verba
674 759 714 816 ΙΙΙ
734 758 814 826 16,6
838 757 938 816 denuo
961 774 1023 815 non
1046 756 1215 815 exscribam
1239 753 1285 830 (a
1301 773 1331 830 p.
1347 753 1408 832 26).
1442 754 1490 812 Ad
1513 771 1560 823 ea,

282 865 359 926 quae
382 849 492 909 ibidem
516 848 653 924 exposui,
678 865 772 905 unum
796 847 916 914 addam,
941 846 1024 922 quod
1046 863 1171 904 muscae
1193 844 1363 920 exemplum
1386 861 1407 902 a
1425 843 1562 901 Varrone

281 941 414 1000 tortasse
437 939 589 996 adiectum
612 938 644 995 in
666 954 753 1011 geop.
775 953 838 994 non
860 936 1021 994 invenitur.
1060 933 1378 1009 ci.geop.XV2,19.

388 1028 519 1086 Prorsus
543 1026 678 1084 eiusdem
701 1025 820 1100 generis
845 1027 894 1082 est
916 1025 1003 1083 locus
1025 1041 1112 1098 geop.
1126 1023 1181 1080 XV
1191 1023 1220 1092 3,
1231 1023 1261 1092 6,
1280 1039 1375 1098 ,quem
1390 1021 1453 1079 iam
1468 1021 1565 1078 Hein-

281 1118 348 1176 nius
379 1117 506 1192 protulit
536 1115 593 1172 l.1.
618 1114 737 1189 p.·438.
789 1113 866 1172 Narn
898 1114 946 1171 hic
977 1130 1099 1188 qnoque
1128 1129 1215 1187 geop.
1245 1111 1340 1170 fontis
1371 1110 1501 1185 priorem
1531 1112 1567 1167 et

280 1207 448 1265 uberiorem
470 1205 598 1262 formam
622 1205 888 1262 conservaverunt.
1551 1227 1554 1231 ·

388 1311 473 1370 geop.
489 1293 543 1350 XV
555 1293 629 1360 2,1:
662 1288 698 1352 τὸ
728 1290 858 1371 χωρίον,
891 1289 925 1351 ἐν
952 1285 982 1369 ᾦ
1005 1289 1128 1351 ἔσονται
1150 1288 1184 1349 ui
1204 1286 1356 1368 μέλισσαι,
1387 1284 1562 1366 τετράφθω

281 1380 364 1463 πρὸς
393 1377 572 1463 χειμερινὰς
602 1381 622 1461 ἢ
656 1378 809 1458 saprade
838 1376 995 1446 ἀνατολὰς
1024 1377 1115 1458 ἡλίου
1146 1377 1219 1458 χρή,
1250 1375 1341 1444 ὅπως
1367 1376 1408 1437 ἂν
1436 1373 1565 1443 θάλπος

281 1472 378 1552 ἔχωσι
405 1475 572 1551 χειμῶνος,
603 1467 657 1530 καὶ
679 1467 799 1548 θέρους
821 1468 854 1528 αἱ
877 1463 973 1548 οὖροι
995 1465 1105 1535 αὐτοῖς
1127 1466 1329 1528 ἕποινίουσαι
1351 1463 1565 1526 ἀναπούωσιν

282 1558 385 1628 αὐτάς.

388 1649 423 1706 V.
439 1648 610 1717 Π116,12;
637 1646 844 1729 „lmellariuml
868 1665 937 1705 esse
961 1649 1080 1722 oportet
1102 1649 1171 1704 aere
1191 1642 1242 1724 [et]
1262 1647 1439 1720 temperato,
1464 1661 1564 1718 neque

282 1741 401 1797 aestate
431 1738 547 1796 fervido
578 1755 675 1813 neque
698 1737 795 1795 hieme
826 1754 887 1794 non
918 1737 1031 1810 aprico,
1064 1737 1100 1793 nt
1126 1737 1244 1810 spectet
1265 1733 1497 1810 potissimum
1522 1731 1562 1789 ad

282 1829 424 1886 bibemos
448 1823 563 1886 ortus“.
610 1824 663 1884 *ct
688 1826 748 1884 (iol.
764 1825 805 1883 IX
817 1825 847 1894 5,
861 1825 888 1883 1.

388 1934 474 1991 geop.
494 1915 548 1972 XV
566 1917 595 1983 5,
613 1916 644 1974 1:
679 1912 792 1993 καιρὸς
821 1913 948 1992 ἄριστος
976 1915 1096 1992 τρυγᾶν
1124 1910 1195 1991 μέλι
1224 1908 1279 1971 καὶ
1308 1908 1405 1990 κηρία
1436 1906 1565 1989 ἐπιτολῇ

282 2003 443 2066 πλειάόων
456 2022 462 2034 ’
475 2001 555 2064 κατὰ
580 2001 614 2065 δὲ
634 2001 812 2083 Ῥωμαίους
833 1999 937 2082 μηνὸς
959 1998 1071 2062 Μαΐου
1094 2001 1163 2061 κατ’
1187 1997 1296 2080 ἀρχάς.
1328 1997 1474 2078 δεύτερος
1488 2019 1566 2077 τρο-

282 2090 376 2174 γητὸς
408 2092 590 2173 ἀρχομένου
622 2091 855 2172 φθινοπώρου.
872 2089 929 2152 καὶ
957 2089 1059 2169 τρίτος
1091 2089 1260 2169 ὄνομίνων
1289 2085 1459 2158 πλειόόων,
1490 2084 1564 2166 περὶ

281 2179 477 2262 Ὀκτώβριον
499 2187 595 2262 μῆνα.

388 2271 423 2329 V.
440 2271 613 2340 11116,34;
641 2271 885 2352 „eximendorum
907 2269 1048 2328 favorum
1071 2269 1200 2344 primum
1222 2270 1334 2343 putant
1357 2285 1426 2325 esse
1440 2269 1566 2340 tempus

281 2361 473 2434 vergiliarum
505 2363 619 2429 exortu,
653 2360 819 2418 secundum
843 2361 962 2417 aestate
985 2361 1064 2426 acta,
1097 2360 1293 2432 antequam
1315 2359 1418 2414 totus
1442 2354 1565 2413 exori-

282 2453 365 2508 atur
396 2452 580 2516 arcturus,
614 2450 737 2507 tertium
767 2451 840 2522 post
869 2447 1062 2522 vergiliarum
1093 2451 1266 2506 occasum“.
1313 2445 1349 2502 ci.
1375 2442 1564 2511 col.1X,15.

283 2573 327 2582 -
350 2539 445 2596 Varro
469 2539 560 2612 igitur
582 2539 714 2596 Graecos
739 2538 884 2613 sequitur.

389 2628 427 2684 Hi
457 2628 519 2685 iere
550 2629 622 2685 sunt
648 2627 716 2695 loci,
750 2644 827 2700 quos
851 2629 886 2682 ut
909 2626 949 2683 ad
972 2626 1183 2700 quaestionem
1205 2626 1342 2681 nostram
1364 2622 1494 2680 maxime
1517 2621 1567 2677 id·

283 2734 376 2776 oneos
412 2716 499 2790 plene
533 2716 711 2773 tractandos
747 2715 819 2772 mihi
854 2732 1080 2789 proposueram.
1134 2712 1310 2770 Ostendisse
1345 2711 1419 2768 mihi
1448 2711 1562 2777 videor,

284 2805 424 2881 quamvis
449 2805 560 2862 similia
582 2805 727 2862 Varronis
750 2804 919 2878 geoponica
942 2803 1114 2872 exhibeant,
1139 2806 1241 2860 tamen
1256 2802 1336 2859 hunc
1351 2800 1487 2874 exceptis
1502 2799 1567 2856 illis

283 2895 403 2952 duobus
425 2894 501 2951 locis
524 2894 639 2951 iontem
663 2897 743 2950 certe
766 2910 828 2950 non
852 2910 930 2960 esse,
956 2910 1032 2959 cum,
1058 2892 1139 2949 sicut
1160 2892 1221 2948 iam
1246 2908 1342 2965 supra
1363 2889 1435 2957 dixi,
1460 2889 1568 2963 potius

283 2984 368 3040 dicas
396 2999 457 3040 rem
482 2983 631 3040 contrarie
655 3000 687 3039 se
711 2982 830 3039 habere.
877 2981 963 3051 Quod
986 2999 1054 3039 curn
1076 2981 1143 3038 fieri
1165 2997 1227 3038 non
1250 2980 1359 3054 possit,
1384 2978 1522 3052 sequitur
1545 2995 1566 3033 a

282 3072 416 3130 Varrone
447 3075 478 3129 et
505 3071 536 3128 in
559 3070 735 3146 geoponicis
758 3070 834 3128 locis
856 3070 998 3128 tractatis
1017 3088 1111 3127 unum
1134 3069 1322 3143 eundemque
1344 3068 1459 3126 iontem
1482 3083 1565 3124 com-

283 3178 404 3218 munem
428 3178 496 3218 esse
520 3160 696 3218 adhibitum.
735 3159 800 3218 Hoc
822 3177 895 3218 vero
918 3159 1029 3233 triplici
1044 3159 1162 3216 ratione
1178 3157 1333 3232 permagni
1349 3159 1398 3214 est
1411 3154 1567 3214 momenti

223 3325 226 3331 Ι
283 3250 416 3307 Primum
439 3249 517 3308 enirn
541 3249 598 3308 hoc
614 3249 704 3307 modo
720 3249 887 3323 permultos
902 3249 987 3306 locos
1003 3247 1161 3316 lucramur,
1180 3264 1258 3321 quos
1273 3246 1360 3302 nulla
1376 3244 1568 3302 dubitatione

283 3340 322 3396 ad
346 3339 484 3397 Cassium
507 3339 687 3414 Dionysium
710 3338 817 3395 referre
840 3355 1014 3412 possumus,
1053 3337 1242 3411 Quamquam
1265 3335 1345 3392 enim
1367 3351 1429 3392 uno
1443 3335 1567 3390 tantum

282 3428 377 3486 Varro
408 3427 561 3502 expressis
591 3428 694 3484 verbis
727 3426 867 3484 Cassium
900 3444 933 3484 se
964 3425 1132 3483 exscribere
1163 3425 1336 3499 profitetur,
1367 3426 1470 3480 tamen
1502 3438 1565 3479 non

283 3534 395 3585 vereor,
421 3534 459 3574 ne
482 3516 572 3573 nimis
596 3517 741 3573 audacter
763 3516 842 3573 idem
866 3515 903 3572 de
926 3515 1034 3573 ceteris
1058 3516 1202 3572 statuam.
1237 3513 1341 3588 Inepte
1357 3512 1436 3570 enim
1451 3510 1566 3584 aliquis

283 3607 370 3679 putet
391 3606 555 3663 Varronem
586 3623 624 3662 ea
653 3607 773 3662 tantum
797 3622 833 3662 ex
857 3604 965 3662 Cassio
988 3603 1136 3678 Dionysio
1159 3603 1280 3659 haurire
1302 3601 1452 3668 voluisse,
1486 3617 1569 3674 quac

284 3694 323 3750 ad
346 3693 539 3752 Aristotelem
569 3693 702 3752 fortasse
733 3696 763 3751 et
794 3693 834 3750 ad
857 3692 1098 3767 Theophrastum
1128 3692 1263 3759 redeunt,
1295 3690 1345 3747 vel
1372 3689 1450 3757 ideo,
1483 3689 1565 3763 quod

284 3783 405 3840 omnino
437 3800 498 3840 non
529 3785 720 3857 perspectum
742 3782 853 3839 habere
877 3771 986 3855 potuit,
1017 3799 1095 3855 quae
1118 3782 1236 3854 praeter
1258 3779 1438 3837 nominatim
1461 3777 1522 3835 illis
1545 3795 1566 3834 a

285 3870 390 3928 Cassio
422 3871 570 3929 attributa
600 3871 640 3928 ad
670 3889 723 3928 eos
754 3870 911 3928 referenda
939 3870 1060 3927 fuerint.
1106 3870 1199 3926 Immo
1228 3870 1313 3942 patet
1335 3871 1473 3925 nostrum
1496 3883 1566 3923 cum

284 3959 361 4016 alios
385 3962 449 4016 turn
472 3960 541 4018 illos
565 3978 618 4034 per
641 3959 779 4017 Cassium
803 3959 838 4016 D.
861 3959 894 4016 in
917 3958 1010 4016 libros
1034 3976 1109 4016 suos
1132 3958 1290 4032 recepisse.

390 4049 505 4106 Deinde
536 4049 611 4106 nihil
642 4051 754 4117 obstat,
788 4049 951 4124 quominus
983 4048 1075 4105 etiam
1104 4047 1238 4121 reliquos
1261 4046 1354 4113 locos
1385 4045 1437 4118 qui
1461 4043 1566 4118 aliqua

284 4137 402 4194 ratione
427 4154 495 4194 cum
518 4137 693 4211 geoponicis
718 4138 880 4194 cohaerent
903 4155 1041 4212 quosque
1064 4136 1126 4193 iarn
1146 4136 1281 4202 afferam,
1307 4151 1345 4191 ex
1361 4135 1466 4191 eodem
1480 4133 1569 4190 ionio

285 4225 436 4284 communi
467 4226 597 4284 fluxisse
628 4229 778 4300 putemus,
812 4226 894 4301 quod
923 4243 1012 4283 nemo
1036 4225 1118 4282 dicat
1139 4225 1197 4283 hos
1221 4224 1342 4298 quidem
1365 4223 1460 4289 locos,
1485 4238 1564 4296 quos

285 4332 378 4389 supra
399 4315 539 4383 tractavi,
565 4332 626 4372 non
650 4333 687 4372 ex
710 4315 844 4373 Varrone
868 4332 1019 4382 manasse,
1044 4314 1178 4388 reliquos
1201 4331 1284 4380 vero,
1318 4329 1445 4387 quorum
1469 4310 1571 4368 minor

284 4421 355 4478 pars
378 4404 450 4462 item
473 4405 656 4461 verbotenus
681 4403 827 4476 congruit,
852 4403 950 4460 maior
968 4406 1070 4460 autem
1085 4402 1183 4476 magis
1199 4401 1338 4460 minusve
1354 4400 1455 4458 verbis
1471 4401 1570 4478 atque·

285 4493 375 4551 etiarn
407 4495 498 4550 rebus
530 4492 689 4567 discrepat,
723 4509 760 4550 ex
790 4495 895 4550 nostro
927 4510 995 4550 esse
1019 4494 1167 4567 sumptos.
1213 4491 1313 4549 Verba
1335 4490 1405 4563 ipsa
1427 4506 1488 4546 non
1511 4504 1564 4544 ex-

285 4582 424 4649 scribam,
450 4582 530 4656 quod
554 4581 678 4656 longum
708 4584 798 4650 esset,
825 4581 879 4638 sed
902 4581 980 4638 satis
1005 4582 1112 4649 habeo,
1138 4580 1190 4654 qui
1213 4580 1272 4638 loci
1296 4579 1359 4637 sint
1382 4577 1563 4643 conferendi,

285 4671 458 4729 ostendere:
