3525 5342
730 381 948 444 ..67-

204 580 292 624 nemo
323 562 486 638 quicquam
518 562 679 621 concludet
709 562 746 620 de
769 579 876 636 genere
900 579 1010 631 eorum,
1037 579 1116 638 quae
1139 579 1177 619 ex
1198 562 1334 621 Varrone
1356 561 1388 619 in
1411 579 1482 636 geo-

204 652 314 726 ponica
337 651 534 713 manaverint.
573 651 633 710 Sed
654 653 757 709 tamen
780 653 866 726 patet
887 651 945 709 hos
969 651 1047 709 dnos
1062 651 1156 718 locos,
1182 652 1310 727 priorem
1324 651 1480 726 imprimis,

206 740 312 800 eximie
334 740 536 799 translatione
558 739 655 798 titisse
679 740 796 813 dignos
842 741 928 810 Quod
950 740 1041 798 velim
1063 740 1217 814 respicias

311 895 334 980 ᾗ
357 895 389 962 2.
433 899 530 968 Locis,
556 900 667 975 quibus
682 900 779 958 Varro
799 900 831 956 in
847 901 1005 958 verborum
1022 902 1166 957 contextu
1180 902 1286 958 auctor
1301 900 1481 975 appellatur,

205 989 356 1062 absolutis
380 989 441 1046 iam
471 1005 528 1047 nos
553 988 756 1050 convertimus
779 989 819 1046 ad
842 1005 905 1056 eos,
938 988 1050 1064 quihus
1072 988 1152 1046 inter
1172 989 1336 1048 Varronem
1359 991 1391 1047 et
1411 1005 1483 1062 geo-

205 1079 316 1154 ponica
346 1077 451 1152 aliqua
480 1078 558 1136 ratio
589 1077 753 1136 intercedit
799 1076 953 1141 Niciasius
983 1077 1016 1134 in
1039 1077 1170 1136 editione
1192 1095 1259 1146 sua,
1288 1095 1380 1152 quam
1402 1095 1483 1136 anno

208 1166 290 1227 1781
316 1165 429 1242 publici
452 1166 526 1224 iuris
549 1166 631 1235 iecit,
657 1184 807 1242 quamque
824 1166 985 1227 Gentillius
1009 1166 1134 1224 novisse
1156 1184 1219 1224 non
1238 1166 1367 1235 videtur,
1392 1184 1484 1241 saepe

204 1257 343 1323 adnotat,
369 1255 421 1330 qni
444 1254 502 1312 loci
519 1255 672 1323 Varronis,
691 1253 882 1322 columellae,
911 1256 1100 1329 geoponicon
1123 1255 1183 1314 sibi
1205 1255 1409 1330 respondeant
1431 1259 1486 1313 aut

209 1345 386 1419 discrepent
433 1344 622 1419 Quamquam
653 1344 711 1401 hou
734 1361 795 1402 non
819 1345 907 1419 plene
929 1344 975 1413 iit,
1001 1361 1128 1419 eamque
1151 1345 1190 1403 ob
1214 1361 1275 1403 rem
1297 1344 1363 1420 ipse
1386 1344 1484 1402 denuo

205 1433 375 1510 geoponica
406 1449 472 1490 eum
502 1433 634 1491 Varrone
667 1433 790 1492 contuli.
836 1433 987 1507 Apparuit
1017 1435 1119 1490 autem
1149 1433 1219 1507 plus
1251 1435 1371 1493 centnm
1399 1433 1485 1491 locos

207 1522 312 1597 aliqua
334 1521 450 1579 ratione
474 1539 542 1579 cum
565 1524 670 1581 nostro
694 1522 862 1590 cohaerere,
896 1521 962 1579 sive
990 1521 1072 1596 quod
1095 1522 1135 1580 ad
1157 1524 1283 1581 verbum
1306 1525 1484 1596 congruunt,

207 1611 273 1669 sive
304 1628 352 1668 res
382 1612 503 1668 tantum
535 1611 656 1668 eaedem
680 1610 879 1685 proferuntur,
906 1611 972 1668 sive
995 1611 1031 1668 de
1054 1610 1168 1670 eisdem
1191 1612 1281 1669 rebus
1305 1611 1485 1685 discrepant

207 1699 252 1757 Ex
274 1699 322 1756 his
347 1699 387 1757 ad
410 1699 620 1774 quaestionem
644 1701 779 1758 nostram
803 1700 933 1758 maxinm
956 1699 1057 1758 idonei
1080 1703 1154 1757 sunt
1176 1701 1212 1768 ei,
1238 1700 1290 1775 qui
1310 1717 1372 1758 non
1387 1700 1487 1759 solum

208 1789 298 1848 rebus
315 1804 448 1863 prorsus,
475 1787 529 1846 sed
545 1788 636 1846 etiam
651 1788 752 1846 verbis
769 1789 858 1863 plane
873 1789 935 1846 fere
951 1787 1145 1857 conveniunt,
1163 1791 1255 1864 atque
1270 1788 1302 1847 id
1317 1791 1485 1863 propterea,

210 1877 289 1953 quod
314 1877 363 1934 his
386 1876 462 1934 locis
487 1877 546 1935 duo
570 1879 690 1934 tantum
713 1877 779 1934 iieri
795 1879 942 1952 possunt:
965 1879 1021 1936 aut
1036 1877 1225 1952 geoponicon
1240 1880 1348 1935 auctor
1363 1877 1487 1953 quidam

209 1966 373 2024 Varronem
404 1965 544 2023 adhibuit
575 1968 630 2024 aut
660 1966 787 2024 eundem
818 1969 911 2042 atque
941 1966 990 2023 hic
1012 1967 1135 2024 iontem.
1181 1966 1285 2024 Utrum
1307 1983 1413 2023 verum
1436 1966 1485 2033 sit,

210 2056 271 2114 ianr
294 2054 490 2129 inquiramus

318 2142 411 2202 Varro
435 2143 551 2212 116,6
583 2143 656 2201 dicit
677 2143 754 2202 inter
777 2143 900 2218 plantas
924 2143 1074 2218 quasdam
1097 2161 1165 2202 esse
1189 2144 1279 2218 quasi
1301 2143 1486 2211 inimicitias,

210 2233 254 2290 ita
279 2235 333 2303 ,ut
356 2235 478 2291 arbores
502 2249 563 2291 non
586 2232 686 2290 solum
707 2233 806 2290 minus
829 2233 937 2301 ferant,
970 2232 1139 2290 sedetiam
1161 2232 1289 2307 fugiant,
1321 2234 1357 2289 ut
1379 2233 1488 2290 intror-

205 2339 278 2380 sum
301 2320 333 2379 in
356 2321 483 2378 fundum
507 2338 539 2378 se
563 2321 716 2390 reclinent,
742 2323 776 2378 ut
798 2321 871 2381 vitis
896 2321 998 2380 adsita
1021 2321 1060 2379 ad
1084 2321 1174 2379 holus
1197 2321 1296 2379 iacere
1319 2321 1428 2380 solet“.

317 2410 451 2468 Eandem
474 2427 535 2467 rem
560 2410 596 2468 de
619 2410 681 2468 vite
704 2410 873 2484 geoponica
897 2410 1040 2468 exhibent
1061 2409 1116 2468 XII
1135 2410 1184 2478 17,
1198 2410 1257 2471 20:
1281 2403 1313 2470 εἴ
1330 2407 1366 2470 δὲ
1381 2408 1489 2490 συμβῇ

209 2495 491 2577 παραφυτεύεοιλοι
514 2495 659 2577 ἀλλήλοις
682 2495 825 2577 ἄμπελον
846 2495 901 2558 aci
924 2496 1083 2578 κράμβην,
1099 2495 1317 2579 αὐξανόμενον
1331 2496 1367 2559 τὸ
1383 2495 1489 2578 κλῆμα

207 2590 265 2666 πῆς
288 2584 442 2665 ἀμπέλου,
465 2583 593 2648 ἐπειδὰν
614 2584 713 2667 μέλλῃ
735 2584 916 2666 πλησιάζειν
938 2591 975 2667 τῇ
998 2585 1141 2667 κράμβη,
1165 2585 1268 2648 οὐκέτι
1291 2585 1340 2648 ἐπ’
1363 2585 1490 2654 εὐθείας

213 2679 321 2756 χωρεῖ,
345 2672 412 2736 ἀλλ’
437 2673 619 2746 άναποδίζει
640 2675 847 2756 μεμνημένον
868 2673 988 2755 τρόπον
1010 2674 1077 2738 τινὰ
1099 2679 1154 2755 τῆς
1176 2674 1258 2754 πρὸς
1274 2674 1391 2756 ἄλληλα
1407 2674 1489 2736 ἀντι-

211 2762 354 2831 παθείας.
375 2798 418 2806 -
434 2765 517 2822 Haec
540 2783 577 2822 ex
592 2765 737 2824 Varronis
761 2766 862 2824 verbis
887 2765 967 2823 citici
989 2766 1042 2824 vix
1064 2768 1234 2839 potuerunt
1273 2766 1366 2824 Immo
1386 2765 1490 2824 multis

213 2854 290 2912 loeis
314 2854 394 2912 inira
417 2854 576 2929 apparebit
599 2871 660 2911 rem
684 2854 832 2912 contrarie
857 2873 891 2912 se
913 2855 1023 2912 habere
1046 2873 1173 2931 eamque
1196 2856 1235 2913 oh
1270 2873 1395 2913 causam
1429 2872 1491 2913 non

214 2943 318 3001 dubito
342 2935 422 3000 idem
445 2943 506 3000 iam
530 2942 677 3001 hocloco
702 2944 800 3001 adhuc
823 2943 916 3001 dubio
940 2940 1106 3020 statuere.¹)

319 3031 500 3105 Priusquam
523 3032 563 3089 ad
586 3034 739 3090 catervam
762 3032 905 3100 locorum,
931 3050 1009 3106 quae
1032 3050 1069 3090 ex
1093 3033 1195 3090 ordine
1218 3033 1406 3090 Varroniano
1430 3033 1490 3089 iam

215 3120 360 3196 sequitur,
386 3121 537 3190 accedam,
563 3138 663 3195 pauca
685 3122 885 3195 praemittam.
931 3121 1050 3179 Tertius
1066 3121 1255 3195 geoponieon
1269 3121 1344 3179 liber
1359 3122 1492 3178 continet

215 3209 430 3284 ephemeridem
452 3210 612 3278 rusticam
636 3210 764 3283 legimus
788 3213 889 3268 autem
912 3210 991 3266 hanc
1007 3209 1094 3283 primi
1116 3209 1227 3284 capitis
1249 3209 1491 3283 inscriptionem:

214 3293 394 3376 Ἑφημερὶς,
417 3294 471 3357 uui
494 3297 522 3357 τί
542 3294 603 3377 χρὴ
620 3295 697 3358 καθ’
714 3297 846 3358 ἕκαστον
860 3301 947 3375 μῆνα
963 3294 1160 3374 ἐργάζεσθαι.
1183 3293 1238 3356 Ἐκ
1253 3299 1318 3358 τῶν
1334 3294 1493 3373 Βάρωνος

213 3384 268 3448 καὶ
288 3390 354 3448 τῶν
376 3382 560 3448 Κυντιλίων.
607 3387 700 3445 Varro
724 3387 815 3461 igitur
836 3386 907 3444 fons
931 3386 1054 3454 dicitnr;
1078 3387 1181 3461 itaque
1204 3389 1342 3444 nostrum
1362 3389 1410 3444 est
1425 3386 1492 3444 eiu's

212 3475 432 3550 ,ephemeridem
455 3476 609 3545 rusticam,
634 3493 726 3550 quam
750 3475 902 3550 capitibus
918 3475 932 3531 1
948 3474 1078 3532 29-36
1095 3475 1216 3549 profert,
1235 3493 1303 3532 cum
1318 3475 1492 3549 geoponicis

216 3565 359 3622 conferre.
405 3563 445 3621 Ut
475 3582 495 3621 a
525 3566 614 3623 rebus
646 3564 756 3622 exteris
779 3564 932 3638 incipiam,
964 3564 1023 3622 hae
1046 3563 1249 3638 ephemerides
1280 3581 1316 3622 eo
1340 3563 1490 3631 differunt,

212 3652 297 3728 quod
312 3652 456 3711 Varronis
480 3653 606 3728 antiqno
630 3670 719 3721 more,
741 3655 777 3710 ut
798 3653 925 3721 videtur,
951 3671 1013 3712 non
1035 3653 1067 3709 in
1090 3651 1227 3727 singulos
1250 3669 1369 3710 menses
1393 3652 1494 3710 divisa

211 3744 264 3802 est
287 3759 383 3817 neque
406 3760 426 3799 a
441 3741 587 3800 danuario
611 3743 726 3816 incipit,
751 3742 781 3799 id
805 3742 886 3816 qnod
909 3742 941 3799 in
963 3742 1138 3816 geoponicis
1160 3741 1206 3809 iit,
1232 3741 1285 3799 sed
1308 3743 1377 3798 octo
1400 3741 1493 3799 inter·

323 3952 341 4016 ¹)
360 3949 392 4002 In
411 3963 592 4020 quoscunque
610 3949 689 4004 locos
706 3949 780 4003 idem
799 3950 887 4014 cadet,
907 3950 947 4004 eis
965 3965 1106 4020 apponam
1123 3950 1317 4014 asteriscum*,
1340 3965 1376 4003 ne
1394 3950 1494 4003 iterum

207 4021 304 4090 ¹atque
322 4021 423 4074 iterum
442 4020 497 4074 hoc
516 4021 698 4090 repetendum
716 4021 761 4076 sit.
798 4021 835 4075 nt
852 4020 1059 4076 animadvertas
1078 4036 1182 4092 quaeso
1201 4036 1312 4090 semper
1322 4021 1382 4075 iere
1393 4021 1495 4074 Varro-

216 4107 282 4145 nem
309 4092 397 4146 multo
426 4108 488 4146 esse
517 4091 671 4146 breviorem
699 4093 729 4145 et
754 4092 832 4163 quasi
858 4093 1001 4162 epitomen
1019 4107 1116 4146 eorum
1134 4091 1272 4157 exhibere,
1292 4109 1365 4163 quae
1382 4091 1411 4146 in
1428 4108 1495 4161 geo·

218 4162 324 4232 penicis
343 4165 464 4217 exstant.
484 4193 518 4200 -
543 4162 586 4216 De
610 4162 666 4216 hoo
689 4163 752 4218 loco
771 4163 855 4217 velim
873 4163 1015 4232 respicias,
1040 4165 1145 4233 quanto
1165 4163 1297 4218 similiora
1315 4180 1357 4229 ea,
1376 4179 1448 4233 quae
1467 4163 1496 4216 in

218 4250 298 4303 geop.
318 4233 445 4302 legimus
465 4235 521 4288 sint
533 4233 753 4304 Theophrasteis
771 4233 799 4288 h,
813 4235 849 4304 pl.
863 4234 901 4288 IV
915 4234 997 4300 lue:
1016 4234 1078 4286 ὅταν
1096 4233 1113 4285 ὅ
1129 4233 1240 4301 βλαστὸς
1257 4234 1367 4301 πλησίον
1384 4232 1496 4300 γένηται,

219 4319 302 4374 quam
326 4305 513 4360 Varronianis.
544 4304 579 4360 ci.
605 4305 690 4359 etiam
714 4305 915 4374 c.pl.1118,4.
953 4304 1032 4358 Hanc
1058 4305 1266 4360 similitudinem
1292 4320 1350 4358 non
1376 4304 1495 4358 fortuito

219 4391 280 4429 esse
309 4379 407 4441 ortam,
437 4377 486 4430 sed
504 4378 652 4445 propterea
677 4379 795 4442 exstare,
821 4377 897 4447 quod
924 4392 1005 4446 geop.
1024 4380 1124 4430 auctor
1146 4374 1217 4430 haec
1235 4391 1293 4430 non
1310 4392 1345 4428 ex
1363 4374 1495 4437 Varrone,

217 4447 267 4500 sed
286 4462 321 4499 cx
338 4447 419 4502 fonte
437 4447 543 4502 Graeco
562 4463 625 4501 cum
643 4446 838 4518 Theophrasto
859 4448 939 4518 quasi
957 4450 1078 4515 cognato
1097 4446 1199 4512 hausit,
1218 4447 1266 4500 vix
1283 4460 1377 4515 neges.
1405 4445 1496 4499 'Pheo-

216 4517 351 4586 phrastus
375 4522 475 4574 auctor
499 4533 561 4573 esse
586 4521 736 4588 propterea
759 4532 816 4572 non
840 4518 958 4582 videtur,
984 4518 1059 4588 quod
1083 4517 1188 4571 nuliam
1205 4517 1288 4571 video
1307 4532 1428 4581 causam,
1448 4532 1497 4570 cnr

219 4603 361 4714 pfroaqch
377 4588 495 4714 {dpcqog
514 4590 549 4644 ab
569 4589 623 4643 hoc
641 4592 762 4660 utroque
780 4589 844 4644 loeo
863 4592 997 4659 usurpata
1015 4605 1096 4658 geop.
1115 4591 1216 4644 auctor
1233 4589 1351 4658 poneret
1362 4586 1495 4655 κράμβην.

219 4675 255 4714 o.
331 4675 368 4716 o.
418 4678 443 4731 p.
494 4701 501 4716 .
1293 4678 1295 4682 ·

1282 4745 1316 4800 5.
