3525 5342
820 1236 971 1350 Vita.

357 1565 456 1623 Natus
481 1582 549 1622 sum
573 1565 704 1623 Oscarus
719 1564 857 1623 Albanus
873 1565 999 1640 Hempcl
1014 1582 1096 1624 anno
1111 1566 1240 1641 proximi
1256 1566 1370 1624 saeculi
1385 1564 1530 1624 LXXXIV

248 1653 345 1730 pridie
368 1654 444 1712 Non.
469 1653 536 1712 Jan.
569 1654 601 1711 in
630 1654 699 1713 vico
723 1654 1003 1728 Tannonbergsthal
1034 1656 1119 1728 patre
1143 1654 1263 1722 0scaro,
1297 1657 1392 1712 matre
1415 1655 1528 1730 Olgae

245 1745 339 1818 gente
361 1743 472 1802 Albert.
518 1742 601 1800 Fidei
625 1742 763 1800 addictus
788 1760 856 1801 sum
879 1743 1079 1818 evangelicae.
1125 1743 1215 1801 Pater
1241 1744 1417 1801 carissimus
1440 1761 1528 1819 prae-

251 1834 370 1890 matura
400 1834 495 1890 morte
518 1831 591 1891 mihi
615 1833 734 1907 ereptus
758 1833 813 1892 cst.
858 1831 980 1907 Lipsiae
1010 1832 1176 1904 litterarum
1209 1832 1363 1890 elementis
1393 1832 1528 1891 imbutus

247 1938 333 1980 anno
371 1919 530 1978 LXXXXV
567 1921 599 1978 in
633 1921 824 1996 gymnasium
858 1920 973 1995 regium
1007 1921 1173 1979 Wurzense
1206 1921 1428 1996 transmigravi.
1484 1921 1529 1979 lbi

248 2010 415 2084 magistros
446 2009 582 2084 egregios
615 2011 725 2068 nactus
756 2027 833 2078 sum,
866 2027 904 2067 cx
928 2009 1038 2084 quibus
1061 2009 1207 2085 imprimis
1230 2010 1365 2069 Roschcr
1387 2013 1418 2068 ct
1438 2011 1528 2068 Ricss

247 2099 363 2174 optime
395 2099 431 2156 de
461 2115 508 2156 me
539 2098 636 2156 meriti
665 2100 746 2156 sunt.
793 2097 911 2156 Scholis
943 2097 1094 2157 absolutis
1126 2116 1206 2158 anno
1234 2099 1325 2157 huius
1349 2099 1465 2157 saeculi
1487 2099 1529 2156 IV

248 2180 399 2262 Lipsiam'
416 2205 463 2244 me
496 2187 610 2245 contuli
641 2186 751 2244 studiis
782 2186 967 2262 philologiae
996 2187 1196 2244 incubiturus
1248 2187 1372 2245 Interfui
1402 2205 1455 2263 per
1483 2190 1529 2245 ter

247 2294 342 2335 senos
366 2292 486 2334 menses
509 2275 726 2350 proseminario
749 2278 869 2350 regente
885 2275 1066 2344 Immischio,
1091 2276 1253 2334 seminario
1276 2294 1329 2352 per
1351 2276 1429 2333 idem
1451 2279 1528 2334 tem-

250 2365 334 2440 poris
366 2365 500 2439 spatium
532 2364 677 2439 auspiciis
701 2364 808 2434 Bethh',
841 2364 968 2428 Hoinnii,
999 2363 1103 2439 lipsii,
1132 2364 1248 2422 Marxii.
1295 2365 1455 2423 Praeterea
1481 2383 1528 2422 me

252 2453 440 2512 admiserunt
469 2453 508 2510 ad
540 2453 733 2511 seminarium
763 2453 1012 2528 francogallicum
1034 2453 1318 2522 Birch-Hirschield,
1353 2454 1392 2511 ad
1415 2454 1528 2512 exerci-
1602 2492 1607 2501 .

245 2542 385 2601 tationes
415 2542 648 2616 francogallicas
676 2542 764 2611 idem,
789 2543 830 2600 ad
852 2542 1099 2616 archaeologicas
1124 2542 1286 2611 Schreiber,
1320 2543 1360 2600 ad
1387 2543 1528 2600 metricas

246 2631 343 2699 Marx,
377 2632 416 2688 ad
447 2631 671 2706 paedagogicas
695 2630 868 2706 Jungmann
892 2633 923 2689 ct
944 2629 1074 2688 Volkelt.
1120 2631 1295 2689 Docuerunt
1316 2649 1364 2690 mc
1386 2632 1444 2690 viri
1458 2631 1528 2689 illu-

252 2720 394 2778 strissimi
429 2719 532 2788 Bothe,
568 2719 852 2787 Birch-Hirschield,
887 2719 1069 2794 Brugmann,
1103 2719 1223 2788 Gohcn,
1243 2719 1465 2789 Gardthausen,
1490 2720 1528 2778 M.

247 2809 372 2872 Heinze.
396 2809 431 2867 R.
447 2809 567 2877 Heinze,
593 2809 669 2877 Hira,
694 2809 855 2876 Hoimann,
881 2809 1032 2877 Immisch,
1057 2808 1239 2881 Jungmann,
1264 2809 1366 2876 Kittel,
1395 2808 1526 2884 Lipsius

247 2898 381 2966 Martini,
399 2897 493 2966 Marx,
513 2897 676 2965 Schrciber,
690 2897 820 2966 Volkalt,
835 2897 1038 2956 Wachsmuth
1045 2895 1074 2973 i,
1088 2897 1246 2972 Weigand,
1261 2899 1384 2956 Wundt.
1413 2898 1528 2968 Quibus

247 2986 392 3045 omnibus
416 2987 532 3060 gratias
555 2987 653 3046 habeo
678 2987 836 3055 maximas,
862 2986 1022 3062 praecipue
1046 2989 1147 3044 autem
1170 2986 1283 3061 Lipsio,
1314 2986 1366 3062 qni
1396 2986 1465 3044 inde
1489 2988 1527 3045 ab

252 3076 398 3131 autumno
423 3074 495 3131 anni
517 3074 641 3132 MGMVI
671 3075 778 3133 famuli
809 3077 839 3133 et
870 3075 961 3134 simul
983 3075 1117 3132 instituti
1140 3075 1285 3150 philologi
1308 3075 1528 3133 bibliothecarii

250 3179 372 3220 munero
403 3180 449 3219 me
480 3163 608 3231 ornavit,
639 3180 777 3221 necnon
808 3164 842 3223 R.
867 3163 1002 3232 Heinzio,
1032 3163 1085 3238 qui
1107 3162 1154 3220 his
1178 3163 1289 3221 studiis
1312 3164 1387 3221 meis
1411 3180 1528 3239 semper

248 3268 371 3309 summa
394 3267 461 3308 cum
484 3250 665 3309 liberalitate
687 3251 773 3310 iavit.

357 3339 518 3415 Nunquam
542 3339 671 3415 denique
695 3341 865 3410 obliviscar,
892 3343 1040 3417 quantum
1064 3341 1187 3398 debeam
1204 3340 1311 3399 Garolo
1329 3343 1359 3398 et
1373 3340 1527 3416 Hedvigae

248 3427 376 3486 Schultz
401 3428 655 3498 Schmblensibus,
680 3429 852 3489 fautoribus
875 3430 1108 3505 benignissimis.
