3525 5342
721 435 943 499 ..31-

189 639 258 679 cum
281 623 384 678 castra
407 621 539 677 movent.
579 636 657 693 quae
680 619 808 693 primum
832 617 977 684 exierunt,
1003 617 1034 673 in
1056 619 1221 690 conspectu
1246 617 1377 674 vohtant
1399 619 1470 675 reli-

192 728 278 785 quas,
314 726 390 784 quae
422 709 556 766 nondum
588 709 787 781 congregatae
811 709 894 774 sunt,
919 707 1135 781 respectantes
1161 706 1232 762 dum
1256 702 1470 764 conveniant“.

301 799 334 855 A.
352 799 379 856 h
396 816 423 854 a.
442 797 539 864 6261),
556 797 638 871 8sq.:
662 793 737 855 ὅταν
754 791 907 877 δ’ζᾶφεσις
922 791 1019 873 μέλλῃ
1037 791 1205 872 γίγνεσθαι,
1221 791 1317 873 φωνὴ
1332 797 1471 873 μονιῖντις

187 885 243 947 καὶ
255 884 334 953 ἴδιος
346 883 458 965 γίνεται
471 883 522 945 ἐστι’
531 905 616 951 τινας
629 883 760 964 ἡμέρας,
774 880 900 961 καὶπρὸ
910 881 970 943 δύο
978 883 998 961 ἢ
1007 885 1103 962 τριῶν
1111 881 1243 962 ἡμερῶν
1252 880 1470 961 ὀλίγοιπέτον-

189 997 237 1036 ται
260 973 332 1052 περὶ
354 971 389 1034 τὸ
414 977 542 1054 σμῆνος.
577 974 647 1032 ibid.
665 975 766 1041 6271),
785 973 837 1030 13;
862 970 937 1032 ὅταν
962 968 996 1032 δὲ
1019 970 1199 1051 κρέμωνται
1222 969 1257 1042 ἕξ
1276 969 1422 1050 ἀλλήλων
1437 971 1471 1033 ἐν

121 1055 123 1059 ⁴
188 1070 236 1144 τῷ
267 1063 387 1144 σμήνει,
419 1066 550 1143 σημεῖον
582 1060 695 1141 γίνεται
725 1064 827 1131 τοῦτο,
859 1058 905 1121 ὅτι
935 1058 1098 1139 ἀπολείψει
1127 1057 1163 1120 τὸ
1194 1064 1323 1140 σμῆνος.
1362 1061 1495 1136 (Locus¹

190 1155 272 1229 prior
294 1154 428 1211 fortasse
451 1153 528 1210 redit
551 1153 590 1209 ad
606 1151 857 1226 Theophrastum,
883 1151 920 1207 de
945 1151 1111 1225 posteriore
1135 1149 1156 1207 Ι.
1172 1148 1273 1226 tacet.)
1294 1183 1338 1192 -—
1358 1151 1470 1222 Quam-

190 1260 282 1318 quam
314 1241 474 1299 Gentilhus
507 1241 695 1310 autumavit,
733 1239 951 1310 ,Aristoteles“
986 1242 1094 1297 auctor
1125 1256 1186 1296 non
1219 1242 1273 1296 est.
1328 1239 1358 1297 Is
1390 1241 1470 1297 enirn

190 1332 355 1390 nonnullas
380 1349 454 1405 apes
479 1331 585 1388 diebus
610 1330 859 1387 antecedentibus
881 1329 991 1386 circum
1008 1329 1097 1386 alvos
1112 1328 1241 1385 volitare
1257 1328 1339 1396 dicit,
1365 1331 1471 1386 contra

190 1422 272 1494 apud
295 1421 460 1477 Varronem
482 1419 540 1476 hoc
563 1419 662 1477 facere
686 1436 745 1476 non
769 1419 910 1476 videntur
932 1417 993 1474 nisi
1017 1435 1053 1474 eo
1076 1417 1222 1491 temporis
1246 1420 1369 1491 puncto,
1402 1435 1470 1475 cum

171 1510 250 1566 iarn
273 1509 463 1584 profecturae
488 1511 568 1566 sunt.
608 1508 683 1565 Tum
707 1508 789 1582 apud
812 1507 847 1564 A.
864 1506 967 1580 plures
989 1506 1054 1563 dies
1070 1506 1223 1580 proprium
1240 1523 1350 1564 sonum
1366 1494 1468 1573 edunt,

190 1599 242 1674 qui
274 1598 354 1672 apud
377 1598 411 1654 V.
432 1597 540 1654 iterum
568 1598 641 1654 tunc
669 1597 788 1654 demum
812 1596 944 1662 auditur,
977 1612 1044 1651 cum
1068 1594 1207 1652 abiturae
1231 1597 1310 1652 sunt.
1356 1595 1470 1652 Deinde

190 1688 294 1749 Aeas
313 1687 345 1743 in
368 1686 438 1744 alvo
462 1686 589 1759 pendere
614 1686 694 1754 dicit,
720 1685 755 1742 V.
772 1687 842 1741 ante
865 1685 1011 1741 foramen.
1057 1684 1214 1741 Postremo
1239 1684 1321 1757 apud
1344 1685 1378 1741 A.
1395 1683 1471 1741 nihil

189 1775 299 1850 legitur
330 1776 366 1832 de
397 1793 443 1842 eo,
476 1775 558 1848 quod
582 1775 790 1850 superioribus
815 1773 931 1841 diebus,
962 1773 1091 1830 maxime
1115 1772 1307 1847 vespertinis
1332 1774 1368 1830 ut
1390 1790 1470 1830 uvae

190 1865 389 1938 conglobatae
413 1864 482 1921 sint.
506 1863 641 1922 —Non
665 1864 802 1921 omittam
826 1862 1001 1937 praedicare
1024 1862 1158 1919 fortasse
1181 1861 1346 1918 Varronem
1368 1861 1470 1936 ipsum

190 1954 319 2010 devere
343 1970 442 2021 sacro,
468 1953 549 2027 quod
573 1953 737 2020 dicebatur,
764 1952 947 2025 cogitantem
955 1949 975 2027 ¹)
1001 1951 1151 2008 adiecisse
1175 1952 1269 2008 verba
1287 1951 1388 2029 „quod
1403 1950 1470 2007 fieri

189 2043 268 2100 solet
368 2037 560 2109 liberorum“,
586 2059 640 2100 nec
664 2058 724 2099 non
747 2041 826 2097 idem
849 2041 934 2099 valet
957 2040 993 2097 de
1017 2057 1062 2107 eo,
1089 2039 1169 2114 quod
1192 2057 1266 2113 apes
1283 2057 1351 2096 cum
1366 2038 1470 2096 militi-

189 2133 247 2188 bus
271 2133 374 2188 castra
396 2131 590 2188 moventibus
615 2133 837 2205 comparantur,
863 2146 934 2186 nam
958 2130 1015 2186 hoc
1039 2130 1087 2186 est
1109 2145 1179 2186 vere
1201 2128 1380 2185 Romanum.
1414 2127 1471 2184 Illa

189 2221 283 2277 verba
303 2219 465 2276 admodum
481 2222 590 2293 poetae
614 2222 694 2286 sunt,
722 2236 788 2275 cum
813 2219 923 2293 apibus
944 2236 1029 2275 mens
1046 2235 1083 2274 ac
1099 2217 1260 2274 consilium
1276 2217 1469 2274 attribuatur.

304 2308 351 2366 15.
375 2308 409 2365 V.
426 2309 497 2365 ibid.
515 2309 570 2367 34:
597 2307 768 2387 ‚‚excmptio
793 2305 844 2382 (sc.
862 2307 970 2383 mellis)
995 2323 1062 2364 cum
1086 2308 1135 2364 est
1156 2306 1263 2384 maior,
1287 2324 1384 2380 neque
1399 2306 1469 2363 uni·

187 2414 308 2456 versam
331 2414 429 2472 neque
452 2397 553 2471 palam
577 2397 676 2454 iacere
700 2399 828 2471 oportet,
854 2414 892 2453 ne
916 2396 1060 2452 deficiant
1082 2390 1246 2452 animum“.

299 2487 332 2543 A.
349 2486 377 2543 h.
395 2504 421 2542 a.
439 2486 502 2544 627
513 2505 540 2553 a,
557 2486 614 2545 33:
646 2482 848 2564 ἀθυμότερον
878 2481 907 2544 δ’
924 2482 1115 2564 ἐργάζονται,
1147 2482 1209 2543 κᾶν
1232 2480 1348 2543 ἐλάττω
1371 2503 1468 2543 κατα·

188 2572 313 2654 λειφθῇ.
333 2572 463 2650 -(J0ach.
479 2574 580 2651 tacet.)

305 2663 352 2721 16.
375 2664 410 2721 V.
427 2664 497 2724 ibid.
516 2664 573 2723 35:
594 2664 831 2743 „providendum
847 2681 885 2720 ne
899 2663 1079 2720 infirmiores
1095 2680 1115 2718 a
1130 2662 1349 2719 valentioribus
1366 2663 1468 2735 oppri-

187 2756 316 2810 mantur.
353 2770 388 2810 eo
412 2753 490 2810 enim
514 2753 660 2810 minuitur
682 2752 831 2810 fructus“.

300 2843 333 2898 A.
350 2843 379 2903 h.
396 2860 422 2899 a.
440 2841 503 2899 625
515 2860 541 2905 a.
557 2843 612 2902 27:
643 2838 816 2919 πολεμοῦσι
848 2837 882 2900 δὲ
910 2837 1039 2919 σφόδρα
1062 2838 1096 2899 οἱ
1117 2836 1229 2918 μικροὶ
1251 2844 1297 2917 τῷ
1320 2837 1400 2916 γένει
1422 2843 1470 2916 τῷ

187 2935 316 3008 μακρῷ,
344 2927 398 2989 καὶ
427 2933 596 3008 πειρῶνται
626 2927 787 3008 ἐκβάλλειν
819 2927 941 2989 ἐκτῶν
966 2931 1123 3008 σμηνῶν·
1143 2927 1204 2988 κᾶν
1228 2926 1468 3007 ἐπικρατήσωσι,

187 3022 278 3078 τοῦτο
311 3016 401 3078 δοκεῖ
428 3016 591 3099 ὑπερβολῇ
622 3016 783 3097 γίγνεσθαι
806 3015 933 3096 ἀγαθὸν
962 3021 1092 3096 σμῆνος.
1128 3015 1279 3092 (Auctoris
1302 3017 1344 3095 B.)
1369 3051 1412 3057 —
1436 3017 1469 3074 Si

186 3111 267 3165 recte
299 3106 390 3185 γένος
412 3105 529 3188 μικρόν
560 3108 749 3176 infirmiores
776 3105 865 3186 γένος
887 3104 1016 3187 μακρόν
1038 3106 1221 3165 valentiores
1246 3107 1304 3164 dici
1326 3109 1401 3181 puto
1424 3139 1468 3146 —

188 3197 283 3254 Varro
315 3198 393 3254 enim
424 3199 517 3254 verba
550 3198 627 3255 satis
659 3197 802 3270 ambigua
833 3197 909 3254 facit
938 3214 994 3253 nec
1024 3197 1123 3263 video,
1158 3213 1218 3270 quo
1250 3195 1346 3252 altero
1378 3196 1467 3252 modo

188 3286 334 3360 distingui
364 3287 485 3360 possint
518 3319 558 3326 -
590 3304 635 3354 ea,
670 3304 749 3360 quae
772 3286 867 3343 Varro
892 3285 1013 3359 profert,
1048 3285 1136 3358 quasi
1168 3284 1313 3340 conclusa
1335 3285 1408 3341 sunt
1431 3301 1468 3339 ex

188 3375 241 3442 eie,
268 3392 346 3449 quae
371 3376 550 3449 compilator
572 3375 653 3432 dicit.
693 3375 725 3432 Si
750 3375 827 3431 enim
852 3375 1035 3431 contrarium
1058 3374 1096 3430 fit
1119 3390 1155 3430 ac
1171 3372 1253 3446 quod
1268 3372 1316 3429 hic
1333 3373 1465 3446 exponit,

187 3459 290 3522 κακὸν
314 3461 425 3541 γίνεται
447 3460 483 3523 τὸ
507 3467 637 3542 σμῆνος.
682 3464 842 3522 Praeterea
864 3463 982 3536 insigne
1005 3462 1036 3518 id
1060 3464 1116 3530 cst,
1146 3461 1227 3535 quod
1255 3461 1385 3530 ,Varrot
1412 3478 1467 3535 pro

188 3553 315 3610 consilio
348 3569 405 3610 suo
437 3569 537 3620 exre,
572 3570 664 3628 quarn
691 3546 911 3632 „Aristoteles“
939 3550 1114 3625 simpliciter
1135 3551 1249 3617 narrat,
1274 3551 1468 3623 praeceptum

188 3641 296 3698 effecit.

299 3729 388 3787 Locis
412 3730 515 3788 allatis
531 3731 601 3799 iam,
627 3730 697 3805 quid
715 3731 751 3788 de
766 3729 904 3786 fontibus
925 3728 1084 3795 efficiatur,
1102 3729 1270 3785 videamus.
1286 3760 1330 3768 —
1345 3727 1467 3784 Aristo-

188 3819 279 3875 telem
302 3819 402 3892 ipsum
427 3837 495 3877 esse
520 3837 706 3894 expressum,
733 3819 814 3876 sicut
837 3818 998 3876 Gentillius
1021 3817 1097 3885 vult,
1122 3817 1205 3874 haud
1228 3815 1293 3874 scio
1316 3834 1356 3872 an
1378 3834 1467 3874 nemo

187 3907 249 3964 iam
274 3907 409 3964 dicturus
434 3908 483 3966 sit.
528 3907 593 3966 Hoc
618 3908 696 3966 enim
719 3908 794 3965 locis
819 3907 893 3966 8.9.
914 3906 961 3964 10.
986 3907 1063 3964 adeo
1085 3905 1225 3962 funditus
1249 3905 1403 3973 evertitur,
1433 3908 1468 3962 ut

188 3996 289 4053 locum
313 3997 351 4053 ad
380 3996 405 4054 1.
430 3997 616 4071 adscriptum
641 3994 752 4072 (5961),
770 3996 819 4074 15)
845 3996 967 4053 omnino
990 3995 1146 4070 neglegere
1166 3993 1265 4062 liceat,
1291 3995 1467 4068 praesertim

189 4103 257 4141 cum
280 4103 317 4142 nc
340 4085 367 4142 is
393 4085 512 4160 quidem
537 4088 592 4143 aut
615 4103 682 4142 cunr
697 4086 831 4142 Varrone
856 4087 911 4146 aut
935 4101 1002 4141 cum
1025 4084 1200 4158 geoponicis
1226 4082 1288 4158 (XV
1305 4084 1333 4151 3,
1348 4081 1379 4159 4)
1396 4101 1468 4141 con-

187 4176 285 4248 gruat.
309 4207 354 4214 —-
377 4173 451 4231 Item
475 4192 522 4232 res
546 4175 578 4230 in
601 4175 810 4249 Theophrasto
835 4192 868 4231 se
892 4174 992 4231 habet.
1031 4172 1061 4230 Is
1085 4173 1163 4229 enim
1186 4173 1217 4229 in
1241 4190 1364 4229 censum
1381 4172 1469 4229 'venit

188 4262 342 4320 Ioaohimo
374 4266 498 4320 auctore
528 4263 604 4321 locis
632 4263 657 4320 l.
678 4262 726 4320 12.
749 4263 882 4320 fortasse
909 4262 957 4320 14.
1003 4260 1115 4320 Locum
1142 4262 1180 4319 12
1210 4261 1363 4334 neglegere
1386 4260 1465 4327 licet,

188 4367 254 4408 cum
287 4351 432 4409 minutias
455 4354 575 4409 tantum
599 4353 751 4420 exhibeat;
784 4351 842 4408 loci
870 4351 909 4408 14
933 4353 1035 4407 autem
1060 4351 1087 4407 si
1109 4368 1215 4408 revera
1238 4349 1466 4424 Theophrastus

189 4443 295 4497 auctor
327 4440 376 4508 sit,
410 4459 430 4497 a
455 4441 627 4521 „Varrone“
661 4457 722 4498 non
754 4443 801 4498 est
832 4440 999 4507 adhibitus,
1034 4456 1101 4496 cum
1134 4457 1178 4508 ea,
1214 4456 1293 4513 quae
1324 4439 1466 4494 auctores

188 4530 437 4597 observaverunt,
472 4547 596 4604 prorsus
629 4530 750 4587 diversa
782 4529 852 4588 sint.
899 4529 1009 4587 Restat
1038 4529 1131 4602 igitur
1153 4529 1239 4586 locus
1267 4526 1292 4584 1.
1317 4527 1379 4583 Suo
1402 4526 1466 4582 iure

187 4649 400 4660 --——·—-—

295 4718 312 4787 ¹)
334 4719 369 4774 ef.
384 4719 552 4789 Schwegler,
571 4719 653 4775 Rom.
667 4719 791 4774 Gcsch.I
809 4718 909 4789 240sq.
