3525 5342
738 351 957 416 ..25-

204 537 259 595 τοᾶ
275 533 392 613 μορίου
408 529 513 604 ἐλθὸν,
538 528 567 612 ᾦ
584 531 789 612 διαφέρουσιν
805 530 950 611 ἀλλήλων
972 530 1008 593 τὸ
1024 530 1108 612 θῆλυ
1131 532 1185 594 καὶ
1203 532 1240 594 τὸ
1260 534 1365 615 ἄρρεν.
1405 538 1486 608 Quas

206 625 365 704 opiniones
389 623 568 683 Aristoteles
593 623 736 697 deinceps
760 622 799 679 ad
823 639 916 679 unam
940 639 1045 682 omnes
1068 622 1177 681 refellit
1198 624 1271 682 item
1294 628 1386 700 atque
1409 644 1485 695 eam,

204 731 296 789 quam
313 713 471 786 subiungit
489 713 624 770 scribens
641 711 741 779 765a
757 711 796 769 21
812 729 871 786 sq.:
894 708 1125 790 παραπλησίως
1141 709 1177 772 δέ
1191 733 1270 780 τινες
1284 714 1488 793 πεπεισμένοι

203 799 324 868 τούτοις
355 798 413 862 elul
442 798 497 860 καὶ
527 798 679 878 λέγουσιν,
711 797 759 867 ὡς
787 797 842 860 τὸν
874 796 978 870 δεξιὸν
1009 798 1098 880 ὄρχιν
1128 798 1364 879 ἀποδυομένοις
1390 803 1410 882 ἢ
1434 801 1488 865 τόν

204 886 367 969 ἀριστερὸν
398 887 563 969 συμβαίνει
591 891 656 955 τοῖς
685 886 852 968 ὀχεύουσιν
882 886 1102 968 άρρενοτοκεῖν
1125 889 1145 968 ἢ
1169 887 1371 970 θηλυτοκεῖν·
1400 890 1486 953 οὕτω

204 976 265 1058 γὰρ
288 977 342 1039 καί
364 975 550 1058 Λεωφάνης
573 975 683 1056 ἔλεγεν.
712 976 765 1038 ἐπί
783 998 815 1038 τε
837 979 903 1038 τῶν
925 975 1167 1057 ίκτεμνομένων
1189 975 1244 1040 τὸν
1266 978 1374 1058 ἕτερον
1397 979 1487 1061 ὄρχιν

203 1065 238 1128 τὸ
262 1065 339 1128 αὐτὸ
362 1070 455 1128 τοῦτο
478 1065 661 1146 συμβαίνειν
683 1066 762 1134 τινές
785 1087 890 1146 φασιν,
915 1065 975 1127 οὐκ
999 1064 1106 1146 ἀληδῆ
1127 1065 1269 1146 λε’γοντες
1291 1066 1355 1129 κτλ.
1393 1070 1486 1130 Immo

199 1157 361 1232 Stagirita,
387 1157 538 1232 quomodo
562 1159 628 1214 tum
651 1174 750 1214 mares
773 1159 838 1214 tum
861 1157 992 1214 feminae
1014 1156 1102 1225 fiant,
1136 1157 1183 1215 sic
1205 1158 1339 1232 explicat
1362 1159 1397 1216 de
1420 1177 1486 1234 gen.

204 1265 251 1305 an.
270 1246 367 1313 766³..
386 1246 438 1306 16:
461 1243 584 1306 τούτων
609 1242 638 1305 δ’
648 1243 869 1322 ὑποκειμένων
893 1243 971 1312 ἴσως
994 1243 1034 1306 ἄν
1056 1242 1118 1324 ἤδη
1141 1243 1264 1324 μᾶλλον
1283 1245 1329 1326 εἴη
1347 1245 1487 1327 φανερὸν

204 1332 248 1395 δι’
273 1335 313 1414 ἣν
336 1333 435 1396 αἰτίαν
459 1332 570 1412 γίνεται
591 1330 627 1394 τὸ
650 1331 710 1413 μὲν
732 1331 826 1412 θῆλυ,
855 1330 891 1394 τὸ
915 1324 1059 1412 δ’άρρεν.
1082 1331 1159 1394 ὅταν
1182 1331 1243 1414 γδρ
1270 1333 1316 1415 μὴ
1340 1341 1441 1416 κρατῇ
1465 1336 1485 1417 ἦ

204 1421 286 1504 ἀρχὴ
312 1423 385 1500 (scil.
409 1423 428 1502 ἢ
454 1422 568 1484 ἔνεστιν
590 1421 624 1483 ἐν
645 1426 692 1502 τῷ
714 1425 770 1484 τοῦ
794 1421 931 1502 ἄρρενος
952 1421 1114 1502 σπέρματι)
1137 1421 1223 1503 μηδὲ
1239 1421 1367 1504 δύνηται
1386 1424 1487 1504 πέψαι

205 1511 244 1573 δι’
269 1511 390 1574 ἔνδειαν
413 1509 612 1591 θερμότητος
633 1510 712 1591 μηδ’
736 1509 838 1592 ἀγάγη
862 1510 907 1578 εἰς
928 1507 964 1572 τὸ
987 1509 1068 1572 ἴδιον
1090 1509 1174 1580 εἶδος
1203 1509 1239 1573 τὸ
1270 1511 1377 1585 αὐτοῦ,
1408 1511 1486 1575 ἀλλὰ

203 1601 298 1682 ταύτῃ
315 1599 445 1681 ἡττηθῇ,
470 1599 593 1680 ἀνάγκη
617 1600 661 1668 είς
680 1599 861 1662 τούναντίον
876 1598 1088 1680 μεταβάλλειν.
1112 1598 1251 1662 ἐναντίω
1267 1599 1302 1663 δὲ
1317 1605 1364 1681 τῷ
1380 1601 1486 1682 ἄρρενι

202 1687 239 1751 τὸ
262 1688 356 1770 ύῆλυ,
380 1688 434 1750 καὶ
457 1688 552 1770 ταύτη
576 1686 597 1770 ᾖ
620 1686 656 1749 τδ
678 1687 738 1769 μὲν
762 1688 868 1769 ἄρρεν,
892 1685 928 1749 τὸ
952 1686 987 1750 δὲ
1009 1687 1102 1769 θῆλυ.

310 1798 441 1856 Tantum
464 1798 556 1872 igitur
579 1799 676 1866 abest,
701 1800 736 1855 ut
759 1797 940 1855 Aristoteles
965 1815 1032 1854 eam
1055 1815 1126 1866 rcm,
1151 1815 1243 1872 quam
1266 1798 1361 1856 Varro
1386 1799 1483 1867 affert,

197 1887 406 1963 explicaverit,
432 1889 468 1944 ut
491 1887 556 1944 eius
580 1904 617 1945 ne
641 1887 822 1944 mentionem
844 1886 965 1961 quidem
988 1886 1101 1955 fecerit,
1126 1904 1194 1944 cum
1218 1887 1257 1945 ab
1281 1887 1378 1945 altera
1400 1891 1486 1963 parte

204 1993 316 2046 eorum,
342 1993 421 2051 quae
436 1976 485 2033 hic
501 1976 623 2051 profert,
648 1993 686 2032 ne
701 1975 865 2049 vestigium
882 1975 1002 2051 quidem
1026 1975 1108 2050 apud
1124 1975 1288 2034 Varronem
1303 1976 1485 2035 inveniatur.

202 2065 400 2140 Perspicuum
425 2068 527 2122 autem
552 2067 607 2133 est,
633 2081 687 2122 cur
701 2064 850 2122 Reatinus
874 2064 934 2138 ipsi
949 2064 1106 2122 Aristoteli
1128 2065 1204 2122 haec
1227 2065 1406 2123 attribuerit
1438 2067 1485 2124 Ab

203 2155 261 2213 hoc
285 2155 363 2212 enim
387 2154 589 2229 potissimum,
616 2171 706 2228 quem
722 2153 850 2211 Cassius
866 2153 901 2210 D.
924 2153 1003 2210 inter
1026 2155 1168 2210 auctores
1193 2157 1428 2222 enumeraverat,
1454 2156 1485 2212 in

197 2260 292 2317 opere
314 2239 386 2320 περὶ
410 2239 507 2321 ζῴων
531 2240 683 2320 γενέσεως
707 2242 877 2316 conscripto
901 2242 980 2300 hanc
1010 2259 1072 2299 rem
1096 2243 1268 2318 expositam
1291 2261 1360 2301 esse
1384 2245 1485 2318 suspi-

197 2338 292 2390 catus
317 2334 372 2390 est.
411 2332 454 2389 Eo
479 2333 547 2406 ipsc
572 2331 662 2405 igitur
685 2331 762 2399 loce,
789 2348 850 2406 quo
874 2347 935 2388 uno
951 2331 1132 2389 Aristoteles
1156 2332 1198 2389 rei
1221 2332 1355 2390 rusticae
1379 2337 1485 2390 auctor

201 2421 233 2478 in
256 2423 416 2479 verborum
440 2423 585 2478 contextu
608 2419 760 2489 laudatur,
792 2421 897 2477 noster
919 2420 951 2477 in
974 2419 1188 2494 gravissimum
1210 2421 1317 2478 incidit
1347 2438 1482 2490 errorem,

203 2513 295 2585 atque
318 2510 349 2566 id
374 2527 409 2567 eo
433 2509 584 2583 insignius
608 2512 663 2577 est,
690 2527 750 2584 quo
775 2509 979 2566 confidentius
990 2509 1086 2566 Varro
1103 2509 1260 2568 Aristoteli
1282 2510 1314 2566 id
1336 2511 1484 2568 attribuit.

196 2599 289 2670 ¹Quod
312 2617 349 2655 ne
374 2599 536 2656 Gentillius
561 2598 680 2673 quidem
707 2598 806 2656 facere
831 2597 984 2656 dubitavit
1008 2597 1036 2673 ll.
1052 2597 1070 2655 l.
1095 2615 1122 2672 p.
1143 2597 1224 2676 106).
1270 2599 1360 2657 Redit
1382 2602 1484 2657 autem

203 2688 250 2744 hic
273 2688 360 2746 locus
383 2687 487 2762 procul
512 2687 603 2745 dubio
628 2688 667 2744 ad
691 2687 871 2745 Archelaum
896 2686 943 2762 (cf.
967 2685 1065 2764 infra).

308 2794 343 2852 V.
360 2794 496 2862 115,17:
535 2796 689 2874 „castrare
713 2793 765 2870 (sc.
789 2793 906 2871 tauros)
937 2811 1013 2851 non
1045 2796 1165 2868 oportet
1196 2796 1291 2851 ante
1323 2795 1481 2863 bimum,

196 2884 284 2958 ===quod
297 2883 467 2950 difficulter,
487 2885 514 2940 si
530 2883 619 2940 aliter
634 2883 750 2948 feceris,
769 2900 802 2940 se
818 2883 974 2958 recipiunt.
991 2882 1043 2958 qui
1059 2885 1161 2940 autem
1173 2886 1283 2957 postea
1299 2886 1481 2952 castrantur,

202 2973 267 3030 duri
292 2976 320 3030 et
346 2973 468 3031 inutiles
491 2967 601 3029 fiunt“.

309 3063 342 3119 A.
359 3062 387 3118 h.
405 3080 431 3118 a.
450 3061 548 3129 caza,
563 3061 614 3119 13:
647 3059 677 3120 οἵ
698 3057 759 3139 μὲν
787 3055 844 3120 οὗν
867 3058 985 3140 μόσχοι
1008 3058 1207 3139 ε’κτέμνονιαι
1230 3058 1429 3130 ἐνιαύσιοι,
1458 3060 1487 3121 εἰ

202 3147 236 3210 δὲ
258 3147 315 3229 μὴ,
339 3149 480 3230 αι’σχίους
503 3148 639 3228 γίνονται
661 3145 715 3208 καὶ
739 3146 891 3216 ἐλάττους.
943 3220 945 3222 ,
1310 3159 1312 3164 ’

308 3239 342 3296 V.
359 3240 385 3296 ΙΙ
400 3241 428 3308 V,
440 3241 473 3298 V:
500 3239 626 3319 „horum
652 3237 701 3314 (sc.
719 3237 873 3315 equorum)
890 3238 1007 3295 feturae
1030 3238 1151 3295 initium
1172 3237 1368 3296 admissionis
1384 3239 1483 3295 facere

202 3331 323 3403 oportet
353 3330 396 3386 ab
421 3328 651 3403 aequinoctio
676 3345 787 3387 verno
812 3328 855 3384 ad
880 3326 1099 3394 solstitium,
1132 3329 1173 3383 ut
1195 3327 1482 3400 partusidoneo

201 3419 362 3492 tempore
385 3417 469 3475 fiat:
494 3417 671 3474 duodecimo
696 3417 774 3474 enim
798 3433 901 3473 mense
926 3415 981 3472 die
1006 3415 1143 3472 decimo
1167 3415 1254 3472 aiunt
1276 3411 1392 3473 nasci“.

308 3525 343 3581 A.
360 3525 387 3581 h.
406 3542 432 3581 a.
451 3523 616 3592 576b‚23:
652 3521 723 3601 ὥρα
748 3519 777 3581 δ’
789 3520 849 3582 οὐκ
877 3519 1054 3600 ἀφαιρεῖται
1078 3518 1210 3599 οὐδεμία
1234 3520 1402 3601 τεταγμένη
1426 3525 1482 3581 τοῦ

195 3609 371 3692 -δχεύεσύαι
402 3609 457 3672 καὶ
487 3609 617 3690 ὀχεύειν.
650 3610 689 3672 ού
712 3609 819 3690 μέντοι
843 3631 877 3688 γε
901 3608 945 3670 ὅτ’
970 3609 1059 3689 ἔτυχε
1090 3608 1264 3689 γενομένης
1293 3613 1348 3688 τῆς
1378 3608 1483 3690 ὀχείας

196 3698 349 3761 δύνανται
373 3701 393 3760 ἃ
417 3700 456 3762 ἄν
480 3699 673 3780 γεννήσωσιν
697 3698 857 3778 ε’κτρέφειν
874 3745 880 3759 .
898 3746 928 3758 ..
953 3697 1103 3778 ἄρχονται
1119 3696 1148 3759 δ’
1162 3696 1331 3778 ὀχεύεσύαι
1346 3698 1379 3758 αἵ
1394 3698 1483 3760 ἵπποι

200 3793 265 3850 τού
289 3789 410 3869 ἔαρος.
446 3790 516 3848 ibid.
534 3790 631 3857 5751),
644 3790 698 3847 26;
722 3787 791 3848 κύει
815 3785 843 3848 δ’
856 3786 970 3849 ἕνδεκα
992 3791 1105 3867 μῆνας,
1130 3785 1305 3866 δωδεκάτῳ
1326 3785 1361 3848 δὲ
1383 3787 1482 3849 τίκτει.

309 3897 342 3955 V.
358 3896 384 3955 ll
397 3897 426 3964 8,
438 3897 471 3954 3:
498 3897 570 3976 „qui
586 3915 647 3954 non
663 3897 778 3954 habent
792 3913 859 3953 eum
877 3896 1007 3963 asinum,
1026 3912 1113 3971 quem
1129 3899 1358 3970 supposuerunt
1374 3914 1480 3970 equae,

201 3989 232 4044 ct
254 3987 375 4044 asinum
406 3985 621 4043 admissarium
652 3985 762 4042 habere
792 3984 909 4051 volunt,
943 3986 980 4042 de
1011 3984 1107 4041 asinis
1139 4002 1228 4059 quem
1260 3984 1481 4059 amplissimum

198 4075 512 4150 formosissimumquc
534 4078 666 4149 possunt
689 4068 833 4148 eligunt“.

306 4183 341 4238 A.
358 4182 386 4238 h.
403 4199 423 4239 a
439 4181 537 4249 577b‚
552 4180 604 4238 15:
636 4177 676 4240 οὐ
698 4176 906 4259 προσδέχεται
930 4176 1040 4239 δὀύτε
1063 4177 1082 4258 ἡ
1107 4177 1202 4246 ἵππος
1229 4175 1284 4240 τὸν
1311 4178 1386 4240 ὄνον
1409 4178 1482 4238 οὔτε

199 4269 219 4349 ἡ
245 4269 320 4336 ὄνος
342 4265 396 4330 τὸν
420 4268 525 4339 ἵππον,
549 4265 604 4329 ἐὰν
626 4265 673 4347 μὴ
696 4267 774 4349 τύχη
798 4265 986 4348 τεύηλακὼς
1006 4265 1116 4335 δδνος
1131 4266 1244 4330 ἵππον·
1267 4265 1482 4348 ὑποβάλλουσι

200 4355 261 4437 γὰρ
293 4356 434 4437 ἐπίτηδες
464 4357 522 4425 οὓς
551 4355 703 4418 καλοῦσιν
734 4355 924 4436 ἵπποιλήλας.
955 4390 998 4398 -
1028 4357 1208 4415 Aristoteles
1239 4357 1331 4431 igitur
1361 4356 1481 4414 asinum

195 4448 414 4506 admissarium
438 4465 532 4523 equae
555 4447 635 4504 lacte
658 4464 720 4504 non
743 4446 905 4504 educatum
927 4463 989 4504 non
1012 4447 1107 4504 novit.

307 4537 341 4594 V.
362 4536 494 4604 1116‚2:
521 4536 580 4615 „ad
603 4535 807 4594 admissuram
830 4537 906 4593 haec
929 4535 1087 4592 minores
1111 4535 1227 4592 bimae
1256 4532 1307 4608 (sc.
1332 4531 1479 4611 pavones)

196 4642 270 4683 nou
293 4626 449 4683 idoneae
473 4642 537 4682 nec
560 4625 629 4682 iam
653 4625 810 4682 maiores
834 4619 954 4682 natu“.
