3525 5342
733 429 954 494 -53-

199 613 369 680 exarescat,
395 611 426 668 in
449 615 560 670 terram
584 607 763 668 demittunt“
789 612 872 669 haud
896 612 960 670 scio
983 629 1024 670 an
1047 611 1175 670 collecta
1198 612 1260 670 sint
1283 631 1320 671 ex
1335 614 1384 671 his
1400 632 1424 672 c.
1441 614 1480 689 pl.

201 701 214 757 I
235 700 312 774 1‚3;
336 697 383 759 ἀεὶ
407 696 467 778 γὰρ
489 695 525 758 τὸ
547 697 663 778 μέλλον
685 697 867 778 βλαστάνειν
891 698 973 779 ἔχειν
995 720 1026 760 τε
1050 697 1099 760 δεῖ
1117 697 1174 779 τὴν
1197 699 1309 780 ἔμβιον
1324 699 1480 782 ὑγρότητα

198 785 255 850 καὶ
276 785 391 867 ταύτην
416 785 572 849 δύνασθαι
587 792 700 868 τηρεῖν,
722 784 760 848 τὰ
785 785 819 849 δὲ
842 786 935 868 φύσει
958 785 1040 868 ξηρὰ
1058 785 1159 848 διὰτὸ
1175 787 1284 868 ὀλίγην
1299 788 1390 870 ἔχειν,
1406 788 1481 851 ὅταν

198 873 265 938 ἀπὸ
287 880 343 938 τοῦ
365 874 500 956 δένδρου
518 874 688 957 ἀφαιρεθῇ,
704 873 782 956 ταχὺ
800 875 978 947 διαπνεῖτατ,
994 875 1049 938 καὶ
1063 875 1255 956 ἑξατμίζεται
1270 877 1479 957 συνεξάγονδ’

202 965 269 1046 ἅμα
292 963 346 1026 καὶ
368 962 403 1026 τὸ
426 963 593 1045 σύμφυτον
616 962 749 1045 θερμόν.
795 966 866 1024 Inde
890 967 978 1034 enim,
1004 967 1086 1043 quod
1109 967 1273 1026 nonnullae
1296 968 1420 1043 plantae
1441 971 1480 1026 ob

199 1073 315 1114 causas
340 1055 451 1115 allatas
476 1056 597 1114 omnino
621 1073 682 1113 nou
707 1056 837 1113 surculis
854 1056 1016 1130 propagari
1031 1059 1172 1130 possunt,
1195 1057 1385 1116 concluditur
1400 1060 1480 1115 recte

200 1146 231 1204 in
254 1144 378 1219 reliquis
402 1161 532 1220 quoque,
559 1161 638 1219 quae
660 1145 718 1203 hoc
740 1145 817 1201 ferre
840 1147 981 1220 possunt,
1006 1145 1159 1202 celeritate
1183 1162 1261 1219 opus
1284 1163 1361 1204 esse.
1377 1147 1480 1204 -De
1513 1170 1516 1176 ·

201 1234 302 1292 verbis
334 1234 550 1308 sequentibus:
586 1233 635 1304 ,in
667 1233 832 1306 oleagineis
863 1233 1030 1292 seminibus
1062 1229 1207 1312 [arbores]
1241 1235 1414 1302 videndum,
1445 1237 1481 1292 ut

201 1323 243 1380 sit
273 1323 309 1380 de
339 1325 443 1380 tenero
467 1339 550 1380 ramo
575 1339 612 1380 ex
634 1325 764 1397 utraque
787 1325 873 1397 parte
897 1322 1097 1397 aequabiliter
1120 1324 1299 1399 praecisum,
1324 1341 1403 1398 quas
1427 1323 1480 1382 alii

200 1411 348 1480 clavelas,
381 1411 434 1468 alii
463 1410 563 1469 taleas
593 1411 749 1486 appellant
771 1429 807 1469 ac
829 1411 948 1470 iaciunt
971 1411 1087 1468 circiter
1110 1407 1254 1486 pedales“
1279 1411 1352 1470 item
1373 1413 1480 1471 incerti

201 1518 316 1568 sumus,
349 1501 429 1558 unde
461 1501 523 1558 siut
549 1501 670 1558 hausta.
718 1500 878 1558 Gentillius
909 1500 1017 1558 ultima
1047 1501 1085 1557 ad
1110 1500 1255 1558 Catonem
1277 1501 1394 1558 rettulit
1417 1500 1445 1577 (l.
1460 1502 1479 1559 l.

200 1607 227 1663 p.
248 1587 329 1665 134),
355 1588 408 1664 qui
431 1588 554 1663 scripsit
578 1607 600 1645 c.
618 1589 669 1655 45,
687 1589 717 1648 l:
745 1606 842 1668 „quas
867 1587 919 1665 (sc.
936 1589 1036 1646 taleas
1052 1589 1237 1666 oleagineae)
1261 1590 1293 1647 in
1317 1590 1479 1649 seminario

200 1681 326 1736 saturus
358 1678 426 1746 eris,
458 1677 576 1752 pedalis
607 1673 731 1736 iacito“.
778 1679 864 1748 Quod
888 1677 947 1736 etsi
969 1678 1035 1735 sieri
1058 1680 1169 1752 potest,
1194 1680 1296 1735 tamen
1320 1697 1374 1754 pro
1398 1682 1479 1737 certo

202 1769 336 1825 statuere
363 1767 465 1835 nolim,
499 1784 567 1824 cum
589 1767 648 1825 hoc
671 1766 762 1824 fuerit
783 1767 1020 1824 usitatissimum
1042 1784 1098 1824 nec
1121 1767 1171 1835 sit,
1197 1784 1250 1824 cur
1272 1784 1334 1825 non
1357 1768 1479 1826 aliunde

201 1873 323 1932 quoque
348 1855 427 1913 sumi
450 1855 591 1931 potuerit.

307 1945 372 2002 Iam
393 1947 490 2002 restat
513 1946 655 2019 quartum
677 1961 774 2018 genus
798 1945 957 2002 continens
981 1962 1019 2001 ea
1039 1944 1163 2012 semina,
1192 1962 1290 2018 ,quae
1305 1945 1480 2004 inseruntur

200 2052 239 2092 ex
263 2034 421 2091 arboribus
445 2034 477 2090 in
501 2029 654 2091 arbores“.
694 2034 780 2104 Quod
805 2033 870 2091 sine
894 2033 986 2090 dubio
1011 2032 1221 2108 complectitur
1242 2033 1479 2091 inoculationem
1591 2090 1593 2094 .

201 2126 231 2180 et
253 2123 435 2190 insitionem,
462 2123 520 2180 etsi
541 2122 622 2180 illius
639 2123 720 2196 apud
737 2123 911 2190 Varronem,
934 2121 1085 2197 proinde
1108 2140 1149 2179 ac
1173 2121 1204 2179 si
1228 2140 1303 2180 eam
1327 2140 1478 2197 prorsus

200 2211 356 2286 ignoret,
389 2211 477 2268 nulla¹
506 2212 627 2268 omnino
658 2211 696 2268 fit
725 2212 846 2269 mentio.
892 2209 1094 2269 Nihilominus
1122 2214 1225 2268 autem
1249 2227 1316 2268 eam
1338 2211 1387 2267 hic
1410 2229 1479 2268 esse

201 2300 380 2375 ponendam,
405 2300 454 2358 vel
477 2300 546 2357 inde
571 2297 748 2361 concludere
771 2300 851 2367 licet,
876 2300 959 2375 quod
979 2302 1143 2374 praecepta
1158 2300 1197 2356 ad
1214 2317 1280 2358 eam
1296 2300 1480 2375 pertinentia

201 2389 392 2464 proferuntur
422 2406 520 2463 neque
552 2389 695 2446 abhorret
725 2408 744 2447 a
774 2388 1038 2447 verisimilitudine
1070 2406 1154 2454 eum,
1188 2388 1240 2463 qui
1271 2387 1350 2446 alias
1382 2389 1479 2448 Theo-

201 2479 326 2553 phrasto
358 2482 482 2536 auctore
512 2495 589 2536 usus
621 2481 676 2545 est,
708 2477 788 2535 idem
819 2477 867 2534 hic
894 2478 1014 2535 iecisse.
1060 2477 1098 2534 Et
1121 2477 1242 2552 quidem
1265 2477 1356 2535 etiam
1379 2478 1478 2536 Theo-

201 2568 346 2641 phrastus
369 2567 427 2625 has
451 2567 575 2625 ultimas
600 2566 719 2624 serendi
742 2566 876 2625 rationes
900 2567 932 2624 in
955 2583 1050 2624 unum
1074 2565 1195 2640 collegit
1218 2569 1257 2633 et,
1290 2583 1358 2623 oum
1382 2583 1436 2624 eas
1460 2585 1479 2624 a

201 2656 308 2714 ceteris
339 2656 496 2730 diligenter
527 2656 668 2723 seiunxit,
701 2658 737 2712 ut
768 2673 861 2731 supra
893 2655 1035 2722 vidimus,
1068 2658 1107 2724 et,
1139 2672 1207 2712 cum
1230 2656 1261 2713 in
1283 2656 1345 2712 line
1370 2655 1478 2730 capitis

182 2762 223 2806 c.
240 2745 278 2819 pl.
295 2745 403 2813 16,10
428 2747 521 2803 verbo
545 2742 696 2823 ε’μφυτεία
721 2745 829 2804 ambas
853 2745 1078 2818 comprehendit
1100 2744 1252 2803 scribens:
1283 2740 1397 2803 καὶτὰ
1419 2741 1479 2822 μὲν

197 2831 270 2910 περὶ
299 2829 355 2899 τὰς
385 2831 512 2913 φυτείας
542 2831 597 2893 καὶ
626 2830 681 2899 τὰς
712 2830 881 2912 dametrius·
913 2831 1033 2899 ἱκανῶς
1063 2829 1215 2912 εἲρήσδω.
1271 2833 1331 2890 Sed
1361 2850 1428 2890 cum
1460 2852 1480 2891 a

199 2922 408 2998 Theophrasto
431 2925 594 2998 praecepta
617 2923 654 2980 de
676 2913 804 2997 utraque
827 2940 858 2979 re
882 2925 1024 2980 accurate
1048 2922 1282 2995 distinguantur,
1308 2923 1389 2997 apud
1401 2922 1478 2980 Var-

200 3029 303 3070 renem
319 3029 363 3079 ea,
383 3029 461 3086 quae
478 3012 516 3068 ad
532 3011 768 3069 inoculationem
784 3013 934 3085 spectant,
952 3028 1077 3085 prorsus
1093 3029 1234 3086 perverse
1250 3011 1289 3068 ad
1305 3011 1479 3069 insitionem

200 3101 369 3158 referuntur
392 3118 429 3157 ac
453 3117 520 3158 cum
544 3101 597 3169 eis,
624 3117 702 3175 quae
718 3118 824 3158 revera
840 3101 878 3157 ad
894 3100 1067 3158 insitionem
1083 3101 1241 3174 pertinent,
1267 3100 1298 3156 in
1311 3100 1478 3158 doctrinam

199 3188 399 3248 falsissimam
423 3190 513 3264 quasi
537 3189 836 3247 eonferruminantur.
877 3190 960 3259 Quae
983 3189 1063 3246 inira
1078 3188 1263 3245 luculentius
1279 3190 1476 3263 apparebunt

310 3278 396 3336 Nune
432 3278 470 3335 ad
507 3278 627 3351 singula
658 3281 879 3335 convertamus.
934 3277 1035 3334 Prima
1065 3277 1218 3334 sententia
1249 3277 1383 3335 continet
1414 3276 1477 3334 dis-

199 3367 391 3441 positionem,
426 3370 456 3424 et
488 3367 607 3442 quidem
639 3367 674 3423 de
706 3365 885 3441 quaestione
911 3383 993 3444 „qua
1016 3382 1054 3422 ex
1077 3367 1184 3423 arbore
1207 3365 1238 3421 in
1262 3381 1353 3439 quam
1375 3367 1477 3421 trans-

200 3450 334 3514 feratur“
361 3455 462 3528 agitur
484 3456 552 3512 inde
576 3474 595 3513 a
621 3473 702 3535 „non
725 3455 804 3512 enim
827 3450 944 3529 pirum“
970 3471 1069 3528 usque
1092 3454 1132 3511 ad
1152 3469 1230 3528 ,quo
1246 3452 1351 3510 veniat
1367 3453 1473 3510 arbor“

200 3536 219 3624 ξ
237 3544 271 3612 6;
296 3544 332 3601 de
357 3545 535 3619 quaestione
561 3561 641 3623 „quo
656 3538 810 3618 tempore“
835 3545 874 3601 ab
890 3543 977 3600 initio
994 3542 1104 3617 capitis
1121 3542 1160 3599 41
1179 3542 1334 3616 usquead
1352 3541 1491 3620 „existi--

199 3636 300 3691 matur
330 3649 366 3690 ea
389 3633 499 3690 inseri“
527 3628 590 3711 §Z
637 3632 772 3706 Denique
796 3632 833 3690 de
859 3649 968 3712 „quem
996 3632 1035 3688 ad
1062 3632 1184 3689 modum
1212 3630 1378 3702 obligetur“
1408 3630 1477 3688 inde

198 3739 219 3779 a
254 3739 350 3796 „quae
374 3724 476 3780 autem
499 3724 627 3780 natura“
662 3738 759 3796 usque
783 3722 822 3778 ad
856 3721 964 3800 „utin
986 3720 1073 3778 ficis“
1100 3716 1163 3798 §b
1210 3719 1292 3789 Quae
1317 3719 1476 3794 dispositio

197 3810 352 3884 tripartita
384 3811 492 3868 iterum
516 3828 553 3868 ex
576 3810 783 3885 Theophrasto
808 3812 855 3867 est
878 3812 1008 3884 sumpta.
1054 3809 1084 3866 ls
1109 3809 1186 3866 enim
1210 3826 1234 3865 c.
1250 3807 1289 3883 pl.
1306 3807 1361 3876 Iti,
1391 3811 1477 3882 post-

201 3916 292 3974 quam
322 3899 354 3956 in
385 3895 437 3978 §1
470 3899 502 3957 in
533 3900 707 3958 universum
739 3900 775 3957 de
806 3898 1011 3957 inoculatione
1042 3899 1073 3954 et
1094 3897 1238 3957 insitione
1261 3897 1331 3971 egit,
1364 3897 1396 3955 in
1419 3894 1476 3976 §2
1524 3950 1527 3955 ,

198 3988 290 4062 quasi
322 3988 531 4062 quaestionem
562 3988 688 4063 primam
719 3987 832 4062 proiert
863 3987 1014 4045 scribens:
1044 3983 1267 4064 εὐπρόσφυτον
1299 3982 1328 4046 δ’
1353 3983 1402 4046 ἀεὶ
1430 3991 1478 4064 τῷ

201 4073 305 4155 ὁμοίῳ
327 4072 363 4136 τὸ
387 4074 519 4155 ὅμοιον·
533 4073 552 4136 ὁ
568 4073 603 4137 δὲ
619 4073 792 4155 ὀφθαλμὸς
807 4073 917 4152 ὥσπερ
933 4073 1093 4155 ὁμογενὲς,
1109 4076 1127 4132 i.
1145 4093 1169 4132 e.
1190 4075 1281 4150 ,quid
1296 4075 1476 4133 inseratur“.

199 4165 307 4239 Agitur
337 4167 438 4223 autem
468 4166 526 4223 hae
557 4166 747 4240 paragrapho
779 4165 815 4222 de
838 4166 896 4223 hac
919 4181 950 4222 re
973 4165 1005 4222 in
1027 4165 1211 4231 universum,
1244 4157 1320 4245 §§4
1344 4167 1374 4221 et
1397 4163 1416 4221 5
1441 4163 1477 4220 de

200 4253 413 4322 inoculatione,
439 4250 459 4333 ξ
478 4255 518 4313 10
542 4255 671 4312 maxime
695 4254 731 4312 de
754 4254 905 4312 insitione.
929 4287 973 4295 —
996 4253 1140 4324 Quaestio
1156 4254 1292 4311 secunda
1307 4253 1339 4310 in
1355 4253 1477 4311 univer-

199 4359 268 4400 sum
290 4345 440 4401 tractatur
462 4339 530 4422 §th
554 4340 678 4421 εὔλογοι
702 4338 813 4402 δὲκαὶ
836 4340 869 4402 αῖ
891 4336 983 4420 ὧραι,
1007 4338 1128 4419 μᾶλλον
1152 4338 1187 4402 δὲ
1210 4340 1287 4408 ἴσως
1311 4338 1477 4418 ἀναγκαῖαι

200 4428 276 4491 ταδ’
301 4429 340 4498 ἃς
368 4429 423 4491 καὶ
450 4429 535 4498 ὅλως
558 4428 789 4511 ε’ττιβλαστήοεις
813 4429 962 4509 γίνονται;
996 4431 1032 4488 de
1055 4430 1261 4488 inoculatione
1285 4429 1385 4503 agitur
1408 4425 1474 4507 QG,

202 4519 238 4578 de
260 4520 404 4579 insitione
428 4516 491 4599 §a
515 4553 559 4563 -—
583 4520 728 4590 Quaestio
752 4520 842 4578 tertia
864 4522 1014 4577 tractatur
1035 4515 1109 4597 §W
1134 4521 1165 4576 et
1188 4517 1217 4585 8,
1243 4517 1407 4592 etquidem
1423 4516 1477 4574 illa

202 4609 330 4666 maxime
360 4609 536 4678 inoculatio
569 4610 627 4667 hac
657 4609 778 4668 insitio:
810 4606 922 4687 ὀρθῶς
953 4605 987 4668 δὲ
1016 4605 1070 4667 καὶ
1098 4604 1252 4686 διατηρεῖν
1276 4603 1401 4685 ἀρραγῆ
1422 4602 1477 4664 τὸν

201 4692 374 4777 ὀφθαλμὸν
405 4695 459 4757 καὶ
488 4693 542 4758 τὸν
574 4693 687 4777 φλοιὸν
716 4694 770 4757 καὶ
799 4689 835 4756 ib
866 4695 987 4775 ἔνδεμα
1018 4693 1121 4762 οὕτως
1151 4691 1300 4764 ἀποξύειν
1326 4691 1408 4754 ὥστε
1429 4690 1475 4774 μὴ
