3525 5342
749 377 971 443 -23-

221 561 313 635 pedes
338 562 369 618 et
391 577 479 618 crura
495 576 641 635 equorum
658 561 768 617 summi
792 577 860 618 esse
876 562 1030 628 momenti,
1056 562 1095 618 ab
1110 561 1160 619 his
1180 562 1320 636 incipere,
1341 563 1502 621 Varronem

221 652 328 706 contra
358 649 429 706 item
461 666 498 707 ac
542 648 738 707 Columellam
769 644 823 729 (Vl
844 649 895 717 29,
923 648 1017 725 l—3l
1053 653 1084 708 et
1113 652 1303 725 geoponicon
1344 655 1502 711 »auctorem

221 736 342 814 (XVII,
362 736 446 815 8sq.)
471 756 491 794 a
514 738 613 813 capite
638 738 736 796 ordiri
760 770 805 780 —
827 738 922 796 Porro
937 739 1038 796 inesse
1054 740 1154 798 verbis
1178 738 1363 817 v.111,2¹)
1387 758 1501 799 memo·

220 827 295 884 riam
323 826 392 896 loci,
426 827 478 902 qui
511 826 622 901 legitur
651 826 827 902 Xenophon.
860 826 1057 902 symp.1113,
1091 845 1148 886 suo
1177 828 1241 886 iure
1269 830 1329 886 iam
1351 829 1502 888 Hirzelius

220 913 377 993 negavitl)
425 915 594 973 statuimus
624 915 717 990 igitur
747 933 785 973 ne
816 915 1046 990 Xenophontem
1070 917 1190 992 quidem
1214 936 1234 974 a
1263 917 1398 976 Varrone
1432 936 1502 976 esse

220 1021 398 1079 expressum
422 1005 541 1063 ostendi
564 1022 666 1079 posse.

335 1160 357 1245 fi
382 1160 413 1225 2.
453 1164 537 1234 Quae
559 1181 628 1222 cum
650 1165 696 1221 ita
719 1165 789 1232 sint,
815 1166 855 1222 ad
877 1165 1071 1223 Aristotelem
1093 1168 1390 1235 nosconvertanrus,
1416 1168 1503 1225 cuius

220 1272 257 1312 ex
281 1253 423 1329 operibus
446 1253 586 1326 genuinis
609 1253 641 1310 in
665 1271 788 1311 censum
805 1255 933 1311 veniunt
957 1254 1123 1334 „historiae
1147 1254 1324 1312 animalium
1346 1255 1414 1314 libri
1429 1252 1502 1332 W)

221 1345 252 1400 et
282 1343 338 1421 „de
365 1341 559 1417 generatione
590 1342 765 1400 animalium
803 1343 872 1400 libri
895 1343 953 1410 V“‚
987 1361 1025 1401 ex
1055 1343 1227 1402 subditiciis
1259 1340 1502 1414 ,oeconomica“.

220 1431 381 1490 Gentillius
410 1449 456 1499 ea,
491 1449 570 1505 quae
601 1449 621 1488 a
648 1431 782 1489 Varrone
818 1449 856 1489 ex
885 1431 1049 1490 Aristotele
1080 1433 1194 1490 hausta
1225 1450 1294 1490 esse
1325 1435 1424 1508 putat,
1448 1433 1502 1492 ll

219 1538 248 1595 p.
267 1520 440 1579 104—113
465 1519 596 1594 collegit,
622 1521 676 1578 sed
700 1520 822 1593 collegit
843 1523 972 1578 tantum.
1004 1522 1088 1579 Adeo
1113 1522 1191 1578 enim
1215 1521 1387 1596 supersedit
1410 1539 1503 1597 opera

223 1609 392 1684 inquirendi
415 1609 446 1666 in
469 1607 563 1678 locos,
588 1612 624 1666 ut
645 1609 794 1666 interdum
818 1609 849 1666 in
866 1627 980 1668 errores
1004 1611 1054 1668 vel
1069 1611 1219 1668 maximos
1239 1611 1386 1679 inciderit,
1412 1629 1502 1687 quam

223 1699 262 1756 ob
287 1716 347 1756 rem
372 1715 450 1772 opus
475 1699 531 1766 est,
565 1700 729 1774 antequam
753 1699 789 1755 de
817 1699 998 1780 quaestione
1029 1700 1068 1756 ad
1095 1717 1153 1756 nos
1184 1700 1313 1757 maxime
1336 1701 1504 1774 pertinente

219 1804 356 1861 agamus,
390 1786 476 1845 locos
509 1786 678 1845 discernere
709 1787 741 1845 in
771 1788 832 1844 tria
861 1805 982 1862 genera,
1016 1806 1053 1844 ex
1082 1789 1192 1863 quibus
1215 1788 1344 1864 primum
1368 1791 1504 1846 continet

220 1894 273 1934 eos
297 1876 393 1944 locos,
424 1876 545 1950 quibus,
579 1876 653 1950 quin
686 1875 869 1934 Aristoteles
905 1894 1067 1951 expressus
1098 1895 1160 1934 non
1188 1878 1237 1944 sit,
1270 1895 1358 1935 nemo
1387 1878 1503 1936 dubitet

218 1968 385 2040 propterea,
404 1964 485 2039 quod
501 1964 597 2023 Varro
613 1966 649 2022 de
666 1965 778 2022 eisdem
793 1967 885 2023 rebus
902 1965 1009 2023 abillo
1026 1966 1231 2040 discrepantia
1245 1967 1373 2040 profert3
1391 1984 1501 2024 secun-

219 2055 290 2111 dum
316 2055 441 2112 constat
457 2054 511 2121 eis,
529 2071 658 2128 quorum
674 2054 771 2110 altera
783 2071 854 2129 pars
878 2055 918 2113 ob
934 2072 1032 2111 rerum
1049 2055 1270 2130 discrepantias
1287 2073 1324 2113 cx
1338 2056 1502 2113 Aristotele

219 2142 268 2200 vel
292 2142 395 2217 potius
418 2142 721 2200 Pseudo-Aristotele
751 2159 813 2201 non
845 2146 894 2200 θεῖ
916 2143 1045 2212 hausta,
1078 2143 1176 2201 altera
1209 2144 1330 2218 quidem
1353 2162 1421 2201 cum
1444 2145 1503 2202 hoc

220 2232 280 2289 lere
312 2231 459 2306 congruit,
486 2230 549 2294 sed,
583 2249 650 2288 cum
681 2234 747 2288 arto
780 2232 912 2307 quodam
945 2233 1163 2290 sententiarum
1196 2233 1318 2290 vinculo
1350 2251 1418 2290 cum
1448 2232 1503 2291 illa

218 2323 303 2394 parte
335 2320 497 2377 coniuncta
536 2319 586 2388 sit,
626 2320 698 2378 item
733 2319 1029 2379 Pseudo-Aristoteli
1067 2325 1116 2379 θεῖ
1153 2323 1344 2396 abroganda;
1378 2322 1501 2380 tertium

219 2410 347 2483 denique
372 2427 409 2466 ea
432 2408 648 2482 complectitur.
682 2427 760 2484 quae
790 2409 965 2467 Aristotelis
997 2411 1106 2485 partim
1137 2409 1248 2467 similia
1278 2413 1359 2478 sunt,
1392 2411 1502 2486 partim
1585 2435 1587 2440 ·

218 2499 308 2573 plane
331 2498 406 2554 fere
431 2514 499 2555 cum
524 2515 559 2555 co
584 2500 761 2571 congruunt.
807 2497 916 2556 Nullus
940 2499 1018 2556 enim
1042 2503 1091 2556 est
1112 2499 1208 2567 loeus,
1235 2517 1295 2575 quo
1318 2499 1501 2558 Aristoteles

218 2605 254 2645 ec
278 2587 368 2645 modo
393 2587 431 2644 ad
454 2588 581 2644 verbum
604 2587 775 2661 exscriptus
797 2588 845 2655 sit,
873 2605 961 2662 quem
985 2588 1016 2644 in
1032 2588 1145 2646 Catone
1162 2589 1327 2646 statuimus
1352 2606 1501 2664 quemque

219 2676 300 2751 apud
324 2675 567 2750 Theophrastum
599 2678 630 2733 et
659 2675 690 2733 in
715 2676 822 2735 Cassio
846 2676 996 2751 Dionysio
1027 2677 1135 2735 iterum
1163 2678 1359 2735 inveniemus.
1406 2678 1502 2748 Quam

217 2783 279 2823 rem
302 2765 393 2822 velim
417 2765 561 2822 memoria
583 2767 698 2822 teneas.

330 2871 497 2929 Generibus
522 2872 687 2946 propositis
710 2872 770 2930 iam
795 2872 835 2929 ad
859 2871 980 2946 singula
1002 2890 1059 2930 nos
1084 2876 1306 2931 convertamus.
1338 2873 1500 2931 Gentillius

217 2960 381 3018 nonnullos
413 2978 451 3018 ex
481 2960 566 3028 locis,
599 2961 711 3035 quibus
743 2961 926 3018 Aristoteles
949 2962 1021 3020 fons
1046 2979 1107 3018 non
1131 2965 1187 3029 est,
1212 2963 1231 3022 l.
1247 2962 1265 3021 l.
1277 2979 1305 3036 p.
1326 2962 1499 3020 112-113

218 3049 324 3107 attulit
359 3067 496 3118 censens,
531 3067 584 3106 eos
619 3067 659 3106 an
689 3049 785 3107 Varro
818 3052 856 3107 ab
889 3050 1035 3124 Stagirita
1066 3051 1237 3126 sumpserit,
1273 3069 1308 3109 eo
1344 3051 1500 3108 difficilius

219 3138 377 3196 diiudicari
408 3155 510 3213 posse,
544 3139 625 3212 quod
657 3138 806 3196 interdum
837 3139 921 3213 apud
951 3138 1036 3196 illum
1065 3139 1215 3214 quaedam
1244 3157 1312 3197 cum
1342 3141 1400 3198 hoc
1428 3157 1500 3196 con-

218 3227 349 3294 veniant,
376 3228 526 3302 quaedam
549 3227 638 3302 plane
663 3228 701 3284 ab
726 3245 761 3285 eo
784 3228 975 3285 abhorreant.
1022 3228 1084 3302 Ego
1109 3229 1284 3296 arbitratus,
1312 3246 1380 3286 cum
1403 3229 1499 3285 Varro

218 3316 424 3390 discrepantia
455 3318 493 3374 ab
524 3316 687 3373 Aristotele
718 3317 839 3389 profert,
873 3316 1006 3373 dubitari
1037 3317 1159 3374 omnino
1187 3334 1248 3374 non
1271 3335 1373 3392 posse,
1398 3320 1499 3374 utrum

218 3405 266 3462 hic
290 3422 454 3480 expressus
479 3405 520 3462 sit
542 3422 644 3473 necne,
668 3406 771 3479 potius
788 3407 915 3462 autumo
939 3422 976 3462 ex
999 3405 1087 3472 locis,
1112 3405 1222 3480 quibus
1238 3404 1417 3463 Aristoteles
1437 3423 1499 3462 non

217 3498 265 3552 est
288 3497 404 3560 auctor,
430 3493 525 3550 multo
549 3494 618 3568 plus
642 3511 699 3550 nos
724 3493 838 3550 discere
862 3510 953 3568 quam
977 3494 1090 3560 exele,
1124 3495 1176 3569 qui
1200 3494 1364 3552 admodum
1387 3495 1499 3551 similia

217 3587 272 3640 aut
302 3583 407 3640 eadem
437 3583 500 3640 fere
531 3583 681 3640 exhibent.
727 3582 809 3639 Haec
841 3585 890 3640 est
920 3599 1025 3649 causa,
1061 3600 1114 3639 cur
1144 3586 1175 3639 et
1205 3582 1292 3656 primi
1320 3586 1351 3639 θῖ
1373 3584 1499 3641 secundi

217 3671 333 3745 generis
364 3670 449 3730 locos
480 3671 566 3745 plene
594 3671 765 3729 afferendos
797 3688 866 3728 esse
902 3689 1050 3730 censeam.
1107 3671 1185 3728 Ordo
1220 3672 1277 3729 erit
1310 3672 1398 3744 idem,
1437 3689 1498 3747 quo

217 3761 386 3834 legentibus
411 3760 500 3818 nobis
524 3760 606 3834 apud
629 3760 793 3818 Varronem
818 3764 986 3817 occurrunt.
1018 3761 1124 3834 ltaque
1148 3761 1208 3817 iam
1232 3779 1252 3818 a
1271 3761 1367 3836 primo
1390 3778 1500 3836 genere

216 3849 404 3924 incipiamus¹

328 3937 526 4004 v.111‚13:
554 3938 677 4016 „itaque
700 3938 732 3994 in
754 3938 871 3995 bubulo
896 3955 1003 4012 pecore
1027 3937 1150 3995 minoris
1171 3939 1280 3996 emitur
1303 3938 1446 3997 annicula
1469 3942 1500 3996 et

218 4043 329 4101 supra
352 4025 472 4084 decem
496 4043 653 4094 annorum,
678 4027 759 4101 quod
784 4045 803 4084 a
826 4026 909 4084 bima
931 4029 996 4084 aut
1017 4026 1125 4084 trima
1145 4027 1276 4085 fructum
1292 4028 1369 4086 ferre
1391 4028 1498 4102 incipit

217 4133 314 4189 neque
338 4114 459 4190 lougius
482 4117 554 4189 post
576 4115 749 4172 decimum
774 4132 887 4172 annum
910 4115 1075 4190 procedit“.

329 4204 441 4262 Contra
471 4205 505 4261 A.
522 4205 550 4261 la
567 4222 594 4261 a.
612 4203 702 4262 cuba
734 4203 840 4279 22sq.:
872 4201 976 4282 ὀχεύει
999 4200 1034 4263 di
1063 4201 1100 4262 τὰ
1129 4202 1246 4281 ἄρρενα
1273 4204 1328 4265 καὶ
1357 4202 1498 4283 ὀχεύεται

216 4289 252 4351 τὰ
268 4289 369 4371 θήλεα
386 4290 524 4352 ἐνιαύσια
541 4290 615 4352 ὄντα
631 4295 769 4371 πρῶτον,
786 4290 867 4352 ὥστε
887 4289 941 4352 καὶ
957 4295 1081 4370 γεννᾶν·
1106 4290 1145 4352 οὗ
1164 4289 1230 4371 μὴν
1246 4290 1324 4353 ἀλλὰ
1347 4291 1381 4353 τό
1405 4292 1433 4371 γ’
1450 4291 1499 4359 ὡς

324 4517 342 4622 ἒ)
362 4517 396 4572 cl.
417 4534 501 4587 supra
519 4535 544 4588 p.
559 4517 602 4580 21,
621 4534 646 4572 v.
660 4517 686 4572 8.

324 4589 343 4729 δῖ
362 4588 618 4730 Ibliuiiipsrinssi’libri
631 4659 689 4723 VII,
703 4659 748 4724 IX,
760 4659 798 4725 X3
818 4660 853 4713 ci.
873 4660 960 4729 praei.
974 4658 1017 4717 ed.
1029 4658 1204 4730 Dittmeyeri.
