3525 5342
803 367 1026 431 „12-

273 551 345 609 cavi
375 550 471 624 primo
501 551 611 609 obtutu
643 549 843 607 animadverti
874 548 1014 624 Magonis
1047 566 1124 624 opus
1158 567 1177 606 a
1207 549 1315 608 Cassio
1346 553 1377 608 et
1399 551 1558 626 Diophane

276 639 418 714 deinceps
441 640 607 696 tractatum
629 638 707 695 inter
729 638 831 697 fontes
855 638 998 696 eximium
1020 638 1130 707 habere
1146 638 1245 696 locum
1261 655 1316 696 nec
1339 656 1392 715 per
1415 656 1449 698 se
1472 641 1558 716 quic·

275 745 367 806 quam
406 729 538 794 obstare,
579 727 741 803 quominus
788 726 946 802 opinemur
987 727 1168 795 Varronem,
1206 745 1404 804 quaecunque
1447 732 1483 786 nt
1521 746 1558 787 ex

274 817 447 885 Aristotele,
472 816 692 892 Theophrasto,
718 815 788 873 aliis
812 815 927 874 hausta
942 815 1061 878 afferat.
1087 833 1125 874 ex
1140 815 1281 890 Magonis
1298 817 1432 892 epitoma
1454 834 1559 893 sump-

275 906 363 965 sisse.
409 905 496 977 Quod
519 906 611 963 etiam
634 904 829 963 verisimilius
858 905 897 962 fit
927 905 976 963 his
1003 905 1104 963 rebus.
1149 905 1281 963 Primum
1304 905 1400 965 Varro
1423 905 1559 965 affirmat

274 994 416 1053 Cassium
432 993 612 1069 Dionysium
631 993 688 1072 „de
703 993 821 1068 graecis
845 993 930 1051 libris
947 1010 1060 1062 eorum,
1086 1011 1165 1069 quos
1181 994 1248 1070 ipse
1264 995 1383 1064 dixerit,
1408 995 1558 1054 adiecisse

275 1099 336 1142 non
359 1100 460 1158 pauca
483 1085 514 1140 et
537 1083 573 1140 de
595 1082 735 1156 Magonis
759 1082 929 1157 dempsisse
951 1083 1051 1141 instar
1072 1082 1216 1141 librorum
1232 1081 1331 1142 Vlll“.
1361 1084 1432 1142 Inde
1453 1084 1559 1159 procul

273 1171 367 1230 dnbio
392 1172 531 1239 efficitur,
556 1173 593 1229 ut
616 1170 743 1229 Cassius
774 1172 849 1247 ipse,
879 1172 991 1247 quibus
1015 1173 1191 1230 auctoribus
1215 1173 1340 1230 Graecis
1362 1189 1441 1232 usus
1464 1177 1556 1241 esset,

274 1260 525 1337 pronuntiaverit.
571 1259 747 1318 Incredibile
776 1261 854 1319 enim
886 1263 935 1318 est
960 1261 1133 1329 Varronem,
1175 1278 1254 1336 quos
1288 1262 1389 1320 fontes
1431 1262 1557 1321 Cassius

273 1349 497 1425 usurpavisset,
524 1349 716 1424 quaesivisse
740 1351 771 1407 et
794 1350 915 1425 quidem
937 1352 1002 1407 tam
1024 1349 1190 1424 diligenter,
1223 1352 1258 1407 ut
1281 1350 1415 1409 omnium
1438 1350 1557 1409 illorum

273 1440 458 1498 Graecorum
488 1471 532 1480 —
563 1454 634 1495 nam
665 1439 723 1496 hoc
754 1454 829 1496 sane
859 1439 941 1497 inest
963 1438 995 1495 in
1022 1438 1123 1497 verbis
1155 1457 1278 1518 „eorum
1303 1457 1381 1516 qnos
1405 1435 1488 1497 dixi“
1512 1473 1558 1482 —

274 1528 407 1601 vestigia
429 1527 511 1602 apud
535 1526 675 1585 Cassium
698 1523 881 1603 inveniret¹l
928 1526 1072 1603 Sequitur
1094 1530 1197 1585 autem
1228 1530 1272 1597 ut,
1305 1545 1384 1604 quae
1408 1529 1557 1604 cuiusque

273 1616 409 1674 auctoris
441 1619 552 1684 essent,
585 1618 666 1674 recte
705 1616 733 1674 ei
763 1616 928 1674 attribuere
967 1619 1075 1692 posset
1108 1619 1275 1692 propterea,
1312 1618 1396 1693 quod
1430 1617 1557 1677 Cassius

274 1705 443 1780 Dionysius
475 1705 541 1762 eius
571 1721 681 1763 nomen
709 1704 869 1763 adiecerat.
916 1704 1039 1774 Deinde,
1073 1705 1101 1763 si
1124 1705 1292 1764 adversarii
1323 1707 1420 1764 nostri
1442 1710 1557 1764 rectum

272 1795 419 1862 tenerent,
444 1794 551 1851 mirum
575 1795 658 1852 esset
681 1792 738 1852 hoc
762 1795 957 1851 statuendum
980 1794 1155 1862 Varronem,
1187 1812 1374 1871 quamquam
1403 1796 1435 1853 in
1458 1795 1557 1854 Cassii

273 1899 364 1957 opere
388 1883 490 1942 omnia
505 1885 646 1958 prompta
669 1883 820 1951 iacebant,
845 1885 948 1941 tamen
973 1901 1011 1942 ea
1024 1883 1187 1941 transferre
1210 1884 1356 1953 noluisse,
1382 1883 1437 1943 sed
1452 1885 1556 1959 potius

276 1971 397 2030 subisse
420 1971 554 2031 laborem
576 1970 757 2046 inspiciendi
779 1972 829 2030 vcl
852 1972 956 2047 potins
980 1972 1204 2047 perlegendi-
1227 1989 1297 2031 nam
1320 1973 1435 2032 indices
1458 1990 1557 2031 rerum

272 2063 306 2119 et
327 2062 487 2120 verborum
509 2062 583 2118 tunc
598 2061 732 2118 nondum
748 2063 836 2118 erant
849 2093 894 2103 —
910 2078 1015 2119 omnes
1031 2061 1102 2119 illos
1118 2060 1292 2137 scriptores,
1315 2079 1393 2138 quos
1410 2062 1554 2138 appellat,

275 2152 367 2225 atquo
390 2150 421 2207 id
445 2167 481 2208 eo
505 2153 626 2215 eventu,
650 2151 685 2207 ut
709 2149 813 2209 eadem
837 2149 900 2207 fere
922 2149 1072 2208 inveniret
1095 2152 1186 2225 atque
1208 2151 1241 2208 in
1263 2151 1358 2209 libros
1382 2167 1456 2209 suos
1480 2152 1556 2209 reci·

274 2240 365 2314 peret,
392 2256 471 2314 quae
495 2239 574 2296 certe
605 2238 666 2295 iam
698 2238 824 2297 Cassius
855 2238 1025 2313 Dionysius
1048 2242 1248 2314 excerpserat.
1271 2240 1446 2298 Aristotelis
1478 2241 1556 2298 enim

272 2330 306 2385 et
340 2327 543 2402 Theophrasti
578 2327 721 2402 operibus
763 2327 904 2401 perlectis
935 2330 1064 2403 apparet
1092 2346 1154 2387 non
1196 2329 1292 2387 multo
1335 2329 1431 2404 plura,
1464 2345 1556 2405 quam

273 2416 355 2492 apud
378 2414 544 2474 Varronem
571 2415 720 2490 leguntur.
754 2416 864 2485 inesse,
899 2434 978 2492 quae
1010 2417 1120 2475 idonea
1150 2418 1214 2475 sint
1236 2418 1275 2475 ad
1303 2418 1553 2485 transferendum,

275 2522 342 2563 cum
369 2505 512 2580 pleraque
539 2505 636 2579 magis
669 2505 708 2562 ad
739 2504 955 2580 philosophum
986 2523 1077 2582 quam
1108 2506 1148 2564 ad
1180 2507 1343 2580 agricolam
1375 2507 1555 2582 pertineant

272 2595 339 2665 Quo
365 2593 489 2662 accedit,
516 2594 598 2669 quod
621 2594 742 2652 minime
766 2597 814 2652 est
836 2595 999 2653 verisimile
1012 2596 1175 2653 Varronem
1200 2613 1313 2653 annum
1338 2595 1556 2671 octogesimum

274 2683 402 2758 primum
426 2685 566 2757 agentem
590 2700 717 2757 eamque
742 2684 780 2742 ob
812 2701 873 2741 rem
897 2685 1118 2760 properandum
1149 2701 1218 2743 esse
1241 2687 1414 2743 censentem
1447 2683 1510 2761 (ll,
1528 2685 1555 2761 l)

273 2774 432 2830 auctorum
463 2771 573 2830 studiis
605 2772 802 2847 amplioribus
832 2773 1017 2832 incubuisse.
1075 2773 1154 2844 Quin
1193 2774 1294 2843 etiam,
1328 2775 1380 2850 qui
1411 2774 1557 2832 audacior

274 2861 339 2929 erit,
365 2861 445 2919 dicet
466 2861 568 2919 verbis
593 2859 661 2935 (ll,
680 2860 746 2938 Ill:
773 2878 853 2939 „quo
879 2862 907 2938 (i.
925 2879 949 2920 e.
965 2860 1135 2936 Diophanet
1158 2864 1281 2921 brevius
1298 2863 1335 2920 de
1355 2881 1393 2921 ea
1414 2880 1446 2921 re
1462 2879 1556 2921 conor

272 2950 370 3007 tribus
401 2949 486 3008 libris
515 2955 680 3024 exponere“
707 2948 872 3008 Varronem
905 2951 1127 3026 quodammodo
1158 2952 1291 3010 indicare
1322 2969 1356 3010 se
1386 2950 1554 3026 Diophanis

271 3038 436 3114 epitomem
460 3038 499 3095 ad
523 3038 678 3095 dimidium
695 3038 939 3097 circumcisurum
956 3057 1032 3108 esse,
1058 3043 1150 3116 atque
1173 3039 1242 3097 hinc
1262 3040 1382 3107 efficiet,
1407 3042 1442 3098 ut
1458 3039 1554 3097 simile

272 3128 376 3186 iecerit
407 3127 487 3202 quod
519 3126 646 3185 Cassius
677 3127 721 3197 D,
754 3128 806 3204 qui
833 3128 973 3203 Magonis
1006 3128 1100 3187 libros
1131 3129 1346 3186 circumcidens
1378 3128 1489 3186 adiecit
1518 3129 1555 3186 de

271 3216 396 3275 Graecis
419 3233 481 3275 non
504 3233 611 3292 pauca.
657 3215 734 3274 Nam
757 3217 853 3276 Varro
877 3234 999 3294 quoque
1022 3218 1059 3275 de
1081 3217 1227 3275 Romanis
1251 3217 1407 3292 complura
1429 3216 1553 3274 addidit.

270 3306 472 3382 Quamquam,
497 3322 565 3363 cum
588 3305 684 3363 altera
706 3306 824 3364 ratione
844 3308 920 3364 haec
942 3308 1036 3364 verba
1058 3323 1120 3364 non
1143 3307 1243 3363 minus
1267 3307 1343 3363 bene
1366 3306 1554 3381 interpretari

273 3394 372 3462 liceat,
398 3395 456 3452 hoc
479 3393 599 3451 minime
622 3411 793 3468 premamus
817 3396 900 3453 hand
923 3395 1097 3469 ignorantes
1121 3395 1260 3452 omnibus
1285 3395 1434 3453 eiusmodi
1464 3411 1553 3470 argu·

273 3482 382 3540 mentis
416 3483 631 3557 comprobandi
662 3483 781 3559 quidem
811 3485 873 3541 vini
905 3485 1013 3552 inesse,
1039 3486 1072 3540 at
1102 3501 1163 3541 non
1187 3483 1425 3542 demonstrandi:
1448 3483 1554 3559 ltaque

273 3571 347 3629 solis
371 3571 500 3628 nitemur
523 3571 576 3638 eis,
603 3589 681 3647 quae
704 3574 793 3632 rebus
816 3572 893 3648 ipsis
918 3572 1090 3630 efficiuntur
1113 3589 1240 3648 eamque
1263 3571 1301 3630 ob
1326 3590 1452 3631 causam
1474 3573 1554 3630 vali-

271 3660 462 3718 dictasunt

383 3748 466 3806 Haec
496 3749 686 3824 praemittere
716 3749 810 3818 volui,
839 3752 874 3808 ut
905 3750 1019 3807 clarum
1048 3749 1135 3806 fieret
1161 3752 1321 3825 utramque
1349 3750 1385 3809 de
1407 3751 1553 3808 Varronis

271 3837 449 3896 auctoribus
473 3837 644 3919 opinionem
668 3840 758 3898 rebus
775 3838 957 3914 quibusdam
981 3840 1020 3898 ab
1036 3838 1124 3896 initio
1149 3838 1359 3896 commendari.
1390 3838 1477 3897 Nunc
1491 3839 1553 3897 iam

271 3927 313 3984 ad
336 3927 526 4003 propositum
549 3927 649 4003 ipsum
672 3944 730 3985 nos
754 3929 975 3985 convertamus.

383 4016 529 4074 Varronis
550 4020 690 4074 auctores
722 4016 881 4074 discedunt
912 4015 943 4072 in
974 4015 1034 4074 duo
1058 4019 1174 4086 castra;
1207 4016 1294 4075 alteri
1317 4019 1391 4075 sunt
1412 4016 1550 4085 Romani,

271 4104 359 4162 alteri
382 4105 497 4163 Graeci.
544 4105 627 4175 Quae
651 4121 762 4178 genera
784 4105 891 4163 iterum
917 4107 1061 4162 constant
1088 4105 1207 4163 duabus
1231 4106 1399 4181 speciebus,
1425 4121 1552 4180 quarum

380 4295 398 4362 ¹)
418 4295 490 4349 Oder
517 4293 592 4363 apud
611 4292 749 4347 Susamihl
768 4293 956 4361 1.l.1830,6;
984 4294 1017 4350 V.
1030 4295 1113 4359 Rosa,
1126 4295 1243 4350 Aristot.
1256 4294 1432 4365 pseudepigr.
1451 4311 1477 4364 p.
1491 4294 1552 4360 270,

273 4364 321 4436 qui
340 4369 436 4420 censet
452 4365 606 4420 Varronem
625 4362 689 4419 illos
707 4366 857 4436 scriptores
882 4366 1004 4421 Graecos
1027 4367 1101 4437 apud
1126 4365 1252 4421 Cassium
1269 4364 1302 4420 D.
1317 4371 1494 4421 enumeratos
1511 4365 1553 4420 in·

273 4437 397 4502 venisse3
417 4437 452 4490 ci.
463 4436 549 4491 etiam
567 4434 682 4500 Becher,
702 4436 745 4490 De
764 4435 944 4490 Collumellae
962 4438 1020 4492 vita
1031 4441 1060 4492 et
1072 4438 1182 4508 seriptis
1196 4436 1269 4500 diss..
1282 4437 1357 4506 Lipa
1372 4436 1449 4500 1892,
1468 4453 1495 4508 p.
1507 4436 1552 4504 43,

273 4508 378 4590 quint
402 4522 455 4576 ego
500 4521 594 4577 uoque
617 4506 771 4562 assentitur
788 4507 1008 4562 Reitzensteinio
1036 4510 1171 4563 arbitrato
1199 4508 1367 4578 scriptorum
1384 4507 1553 4563 rusticorum

273 4579 404 4703 οτιὶιέιιεὲιέιι
422 4593 467 4647 ap.
515 4577 580 4632 ol.l
604 4578 626 4643 l,
642 4578 732 4633 7-14
760 4580 903 4634 extantem
928 4580 1008 4634 Celso
1032 4581 1134 4645 deberi,
1159 4579 1206 4649 qui
1229 4581 1304 4633 certe
1321 4580 1449 4649 Magonis
1468 4595 1553 4650 opere

274 4665 326 4704 usu
405 4689 411 4702 .
1018 4683 1022 4690 -
1369 4682 1373 4688 ·
