3525 5342
725 424 947 488 ,29-

193 605 326 679 scriptus
350 606 407 683 est,
432 604 489 662 hac
512 604 544 660 in
567 622 598 661 re
622 606 725 664 subito
751 601 887 683 „Varro“
913 608 952 664 ab
976 624 1012 664 eo
1035 607 1202 675 recesserit,
1228 610 1267 666 ab
1291 608 1388 666 altera
1403 627 1480 667 vero

193 697 279 768 parte
302 692 499 752 nihilominus
515 694 672 768 complura
687 697 864 769 congruunt,
890 695 1092 754 verisimiliter
1111 713 1149 753 ea
1163 696 1282 754 ratione
1298 697 1473 771 explicatur,

192 786 227 840 ut
258 785 399 857 putemus
432 781 658 856 compilatorem
689 783 816 841 similem
847 784 962 842 iontem
994 784 1182 860 expressisse
1205 785 1241 854 ei,
1272 803 1360 861 quem
1383 787 1477 844 etiam

195 866 343 951 „Varr0“‚
369 871 450 928 huno
473 873 575 928 autem
599 872 798 948 copiosiorem
821 875 950 948 utroque
973 873 1078 932 luisse.

305 959 334 1017 8.
363 959 397 1017 V.
422 960 492 1018 ibid.
513 959 565 1018 18:
608 964 783 1040 „praetcrea
818 965 854 1019 ut
889 962 1126 1030 animadvertat,
1167 980 1205 1020 ne
1243 964 1339 1038 reguli
1373 965 1481 1038 plures-

192 1049 343 1107 e'xistant:
367 1048 491 1107 inutiles
515 1049 594 1106 enim
616 1049 697 1108 fiunt
719 1053 841 1124 propter
863 1047 1059 1109 seditioncs“.

305 1139 340 1196 A.
356 1139 385 1196 h.
402 1156 429 1195 a.
447 1137 511 1196 553
521 1139 548 1206 b,
571 1137 623 1196 15:
647 1135 704 1198 εἰσὶ
728 1135 763 1198 δὲ
785 1135 913 1206 πλείους
936 1137 970 1200 ἒν
986 1137 1110 1218 ἑκάστῳ
1126 1138 1238 1219 σμήνει
1253 1138 1406 1220 ἡγεμόνες
1421 1140 1476 1201 καὶ

193 1225 254 1307 οὐχ
288 1224 332 1293 ελς
362 1224 464 1306 μόνος
481 1242 488 1256 ·
505 1223 675 1286 ἀπόλλυται
707 1223 741 1288 δὲ
771 1223 807 1288 τὸ
831 1232 963 1308 σμῆνος,
994 1226 1050 1289 ἐάν
1072 1249 1104 1289 τε
1127 1227 1280 1308 ἡγεμόνες
1302 1226 1347 1309 μὴ
1371 1229 1476 1291 ἱκανοὶ

193 1315 308 1378 ἐνῶσιν
333 1314 402 1395 (οὐχ
426 1313 510 1375 οὕτω
535 1311 644 1376 διὰτὸ
668 1313 802 1396 ἄναρχοι
825 1312 910 1387 εῖναι,
934 1315 1001 1377 ἀλλ’
1025 1316 1072 1384 ὥς
1088 1337 1193 1396 φασιν,
1217 1316 1262 1378 ότι
1278 1317 1475 1398 συμβάλλον-

190 1426 242 1468 ται
266 1403 310 1473 εῑς
331 1401 388 1484 τὴν
412 1402 529 1484 γένεσιν
551 1401 608 1483 τὴν
629 1407 695 1464 τῶν
712 1403 882 1484 μελιττῶν),
907 1404 963 1466 ἐάν
981 1428 1013 1466 τε
1031 1403 1143 1467 πολλοὶ
1162 1401 1241 1467 ὦσιν
1257 1405 1289 1467 ολ
1302 1405 1456 1487 ἡγεμόνες
1468 1425 1481 1440 ··

193 1494 351 1558 discuciat
374 1491 443 1573 γάρ.
473 1526 518 1538 -
547 1494 727 1552 Aristoteles
751 1499 906 1553 auctorem
929 1497 1075 1570 sequitur,
1100 1497 1152 1571 qui
1176 1497 1220 1554 eis
1243 1501 1473 1570 repugnaverat,

193 1586 247 1661 qui
271 1585 352 1642 sicut
375 1581 557 1653 „Varronis“
586 1584 694 1641 auctor
715 1586 876 1642 vetuerant
899 1585 1000 1659 plures
1023 1585 1056 1642 in
1079 1585 1184 1642 eadem
1201 1586 1271 1643 alvo
1288 1603 1357 1644 esse
1373 1586 1480 1644 duces..

192 1675 231 1733 l'lt
259 1673 379 1748 quidem
402 1672 439 1737 is,
472 1675 505 1729 ut
529 1671 603 1729 mihi
625 1672 753 1740 videtur,
788 1673 961 1746 opinionem
985 1691 1073 1731 suam
1098 1676 1293 1749 comprobare
1316 1676 1476 1733 studuerat

192 1764 247 1828 ita,
272 1765 309 1821 ut
331 1761 450 1823 diceret,
476 1760 536 1818 nisi
560 1762 637 1819 satis
661 1761 748 1819 multi
771 1762 864 1820 duces
888 1765 1002 1830 essent,
1027 1780 1101 1838 apes
1125 1763 1219 1820 nimia
1238 1763 1377 1822 libertate
1393 1762 1475 1825 sedi-

191 1853 293 1911 tiosas
316 1847 416 1926 fieri.¹)
455 1848 542 1907 Hanc
566 1867 691 1908 causam
714 1850 895 1909 Aristoteles
918 1851 1052 1909 validam
1075 1869 1144 1910 esse
1170 1869 1232 1909 non
1247 1854 1346 1926 putat,
1371 1854 1474 1928 itaque

193 1941 279 1999 addit
311 1958 386 2007 eam,
420 1956 513 2013 quam
543 1938 634 1996 etiam
666 1939 717 1996 alii
749 1940 951 2014 protulerant:
983 1937 1292 2019 συμβάλλονται
1315 1938 1474 2019 μελιττῶν.

197 2032 334 2099 ,Varr0“
370 2031 477 2086 contra
506 2027 617 2085 rectius
649 2031 728 2086 certe
751 2029 924 2104 opinionem
947 2031 986 2087 ab
1011 2029 1156 2103 Stagirita
1177 2029 1386 2104 impugnatam
1410 2049 1476 2088 am-

192 2122 303 2194 plexus
327 2120 383 2176 est.
420 2116 465 2174 Nc
481 2133 553 2174 vero
569 2116 654 2175 dicas
674 2113 890 2196 „Varronem“,
915 2135 983 2175 cum
1002 2113 1143 2197 „plures“
1162 2121 1295 2193 poneret,
1321 2120 1475 2192 cogitasse

192 2210 229 2267 de
252 2209 370 2266 verbis:
387 2195 450 2265 Ιἐάν
473 2202 641 2265 venetici
662 2251 668 2266 .
686 2252 716 2265 ..
741 2204 810 2285 γάρ,
836 2207 925 2264 velim
948 2207 1033 2281 legas
1048 2207 1133 2265 ibid:
1160 2205 1312 2287 „texpedit
1327 2207 1473 2283 mellaria)

193 2316 261 2356 cum
285 2297 345 2354 duo
370 2293 422 2370 (sc.
438 2294 543 2372 reguli)
569 2294 631 2352 sint
652 2286 720 2378 (in)
744 2295 848 2353 eadem
872 2297 953 2364 alvo,
978 2296 1145 2354 interficere
1168 2292 1317 2370 nigrum“,
1342 2315 1398 2354 nec
1412 2298 1474 2355 iam

192 2385 356 2452 dubitabis,
390 2384 463 2459 quin
496 2378 631 2462 „Varro“
664 2401 758 2441 unum
788 2387 910 2442 tantum
940 2399 1040 2458 regem
1071 2385 1102 2442 in
1134 2385 1263 2459 singulis
1294 2385 1373 2443 alvis
1405 2403 1481 2444 esse-

191 2475 329 2534 vcluerit
377 2473 506 2531 Constat
536 2471 628 2546 igitur
657 2490 694 2530 nc
724 2473 774 2531 hic
805 2473 926 2548 quidem
960 2469 1163 2543 ,Varronem“
1188 2475 1390 2542 Aristotelem,
1420 2476 1474 2532 scd

192 2566 320 2623 alterum
351 2561 447 2637 sequi,
480 2560 532 2635 qui
564 2561 628 2618 sive
661 2562 802 2621 conscius
833 2563 900 2620 sive
930 2579 991 2619 non
1021 2563 1191 2638 opinionem
1224 2563 1268 2620 illi
1292 2563 1474 2621 contrariam

192 2654 346 2712 laudabat.
393 2651 521 2708 Prorsus
544 2651 624 2708 idem
648 2651 730 2708 cadit
751 2651 784 2708 in
807 2650 907 2709 locum
930 2651 1107 2726 proximum.

305 2742 333 2798 9.
357 2741 392 2797 V.
408 2739 492 2798 ibid:
526 2741 576 2818 „et
607 2739 729 2815 quidam
761 2740 873 2804 dicunt,
905 2741 966 2799 tria
995 2758 1106 2815 genera
1134 2758 1202 2798 cum
1225 2741 1287 2798 sint
1310 2743 1419 2798 ducum
1441 2742 1475 2798 in

192 2832 312 2906 apibus,
329 2828 421 2903 niger,
439 2829 536 2897 ruber,
554 2828 668 2895 varius,
686 2831 722 2886 ut
732 2829 919 2887 Menecrates
933 2830 1046 2897 scribit,
1061 2831 1130 2898 duo,
1144 2831 1229 2904 niger
1239 2833 1271 2887 et
1282 2826 1406 2888 varius“
1418 2835 1473 2888 etc.

303 2920 338 2976 A.
354 2918 383 2976 h.
400 2936 427 2976 a.
445 2917 509 2975 553
519 2935 546 2985 a,
566 2917 624 2976 25:
647 2919 712 2977 τῶν
736 2915 765 2977 δ’
778 2915 949 2996 ἡγεμόνων
972 2915 1034 2978 ἐστὶ
1050 2917 1123 2998 γένη
1143 2916 1211 2988 δύο,
1235 2916 1328 2998 όμὲν
1342 2916 1482 2998 βελτίων

192 3004 326 3086 πυρρός,
358 3004 376 3066 ό
400 3004 537 3082 δ’ἔτερος
563 3002 662 3084 μέλας
691 3003 745 3066 καὶ
768 3005 1002 3086 ποικιλώτερος,
1032 3004 1069 3067 τὸ
1094 3005 1128 3067 δὲ
1150 3005 1290 3086 μέγεθος
1313 3004 1475 3074 διπλάσιος

191 3101 246 3178 τῆς
278 3099 415 3177 χρηστῆς
444 3091 594 3174 μελίττης.
641 3095 677 3153 cl.
693 3095 764 3153 ibid.
782 3096 846 3154 553
857 3098 886 3165 b,
908 3097 960 3165 14;
990 3096 1091 3162 6241),
1110 3095 1187 3173 21.²)
1219 3130 1264 3138 —
1293 3097 1473 3155 Aristoteles

193 3191 286 3261 atque
317 3186 389 3244 item
419 3183 492 3242 noni
522 3183 590 3241 libri
621 3188 735 3252 auctor,
769 3186 822 3260 qui
844 3187 1028 3244 verbotenus
1051 3186 1131 3243 hunc
1155 3186 1324 3260 exscripsit,
1353 3187 1473 3242 tertiam

193 3275 366 3351 opinionem
398 3275 435 3331 de
466 3274 576 3330 ducum
606 3273 766 3348 generibus
797 3274 845 3331 hic
873 3275 995 3348 profert.
1041 3274 1143 3342 Erant,
1176 3275 1228 3348 qui
1251 3277 1393 3349 putarent
1414 3275 1474 3331 tria

193 3382 270 3433 esse,
304 3364 421 3422 scilicet
443 3362 555 3435 nigrae,
589 3361 702 3428 varios,
727 3364 847 3431 rubros3
880 3362 941 3431 alii,
967 3362 1019 3438 qui
1043 3363 1103 3419 duo
1126 3365 1246 3421 tantum
1270 3363 1350 3420 sicut
1372 3362 1474 3420 Mene-

193 3456 293 3511 crates
326 3453 512 3518 statuerent;
543 3450 647 3525 nigros
678 3454 709 3508 et
738 3451 853 3520 varios3
887 3451 949 3519 alii,
975 3451 1027 3526 qui
1050 3452 1121 3508 item
1144 3468 1181 3508 ac
1203 3451 1388 3509 Menecrates
1412 3452 1472 3510 duo

193 3559 261 3600 esse
284 3541 413 3609 vellent,
439 3539 492 3597 sed
516 3555 577 3596 non
600 3539 652 3608 ita,
677 3541 713 3598 ut
734 3540 828 3614 nigris
851 3540 956 3598 varios
979 3542 1173 3614 opponerent,
1198 3541 1252 3598 sed
1271 3543 1306 3597 ut
1320 3540 1378 3598 hos
1394 3540 1475 3598 sicut
1547 3615 1551 3620 Ι

191 3631 371 3689 Aristoteles
404 3646 498 3687 unum
529 3628 667 3704 idemque
694 3646 790 3703 genus
814 3647 883 3688 esse
908 3630 1048 3696 dicerent,
1073 3629 1200 3686 alterum
1223 3630 1380 3686 rubrorum
1404 3646 1472 3686 esse

193 3721 397 3794 opinarentur.
435 3717 509 3775 Illae
530 3717 608 3775 duae
627 3718 785 3792 opiniones
803 3719 883 3792 apud
900 3721 1037 3776 nostrum
1055 3721 1332 3785 commemorantur,
1354 3718 1472 3776 Aristo-

192 3809 284 3866 telica
314 3809 407 3866 deest.
454 3806 569 3876 Quodsi
592 3806 753 3864 Gentillius
777 3805 1074 3883 (l.1.p.109)cum
1098 3807 1194 3864 Keilic
1220 3805 1335 3881 (comm.
1351 3825 1380 3881 p.
1396 3808 1473 3884 290)

192 3900 282 3972 putat
311 3897 395 3954 illam
425 3895 667 3970 tripartitionem,
702 3913 793 3970 quam
816 3897 912 3954 Varro
936 3897 1063 3970 priorem
1087 3896 1184 3962 affert,
1218 3897 1258 3952 ad
1281 3896 1472 3954 Aristotelem

191 3986 295 4054 redire,
321 4002 502 4060 magnopere
527 3986 615 4052 errat,
641 4002 711 4041 nam
728 3984 873 4058 Stagirita
897 3989 927 4041 et
949 3985 998 4042 hic
1021 3988 1051 4042 et
1075 3984 1181 4042 ceteris
1205 3985 1280 4043 locis
1302 4002 1394 4058 supra
1418 3985 1473 4042 ad-

301 4210 318 4280 ¹)
338 4211 378 4264 Ob
398 4211 515 4264 eandem
534 4226 646 4264 causam
664 4227 745 4280 geop.
766 4213 864 4264 auctor
884 4210 956 4264 sicut
969 4210 1056 4264 Varro
1070 4213 1168 4262 vetat
1181 4209 1273 4279 plures
1286 4225 1348 4264 esse
1361 4210 1473 4278 regulos

192 4282 329 4347 Xv2,15:
353 4280 405 4349 χρὴ
425 4279 454 4334 ol
473 4280 576 4346 ἑκάστῳ
595 4282 697 4347 σμηνίῳ
717 4281 761 4332 ἕνα
780 4279 953 4334 ἀπολείποντα
972 4280 1031 4338 τοὺς
1052 4279 1159 4338 λοιποὺς
1185 4280 1328 4348 ἀφανίζειν.
1354 4279 1472 4332 συνιστά-

192 4373 270 4418 i‘w‘
289 4351 338 4457 ii
353 4351 1058 4490 ίρὸἑιὲἼΞίΞλίλίλίίίλλλίίλωιῗαὶίῶί
1072 4351 1351 4475 &maiiviii
1368 4421 1466 4482 aaz

191 4424 318 4561 μέγεθος,
328 4439 594 4562 ἡομλόλιονρμελισσλγς
608 4463 655 4545 ..οἱ
677 4492 707 4546 dt
729 4494 845 4560 δεύτεροι
867 4442 1101 4560 ποικιλολῖἐνόλίὴον
1119 4441 1350 4559 ὑτιομελιτιίνοχνὶίεςῖἐι
1359 4461 1472 4559 με’γτιλοςν

193 4565 337 4618 διπλάσιον.
363 4583 444 4636 geop.
458 4566 542 4634 igitur
559 4564 667 4619 iaciunt
686 4581 749 4618 cum
767 4565 927 4625 Aristotele.
947 4565 1022 4635 quod
1040 4565 1144 4618 attinet
1161 4565 1197 4617 ad
1215 4581 1266 4619 res.
1304 4563 1397 4616 Verba
1413 4578 1472 4616 non

194 4641 358 4706 congruunt.
391 4637 489 4707 Itaque
503 4637 620 4690 emrdem
632 4636 691 4689 fere
704 4639 789 4706 atque
803 4636 847 4689 hic
865 4639 1010 4689 auctorem
1022 4634 1114 4689 adisse
1126 4635 1263 4688 videntur.
1296 4633 1331 4688 ef.
1345 4633 1440 4688 adnot.
1454 4634 1472 4686 2

193 4725 219 4777 p.
232 4708 275 4762 32.
