3525 5342
719 375 943 439 ..71-

192 558 319 616 affertur
333 556 474 626 hominis,
493 556 623 632 proximi
636 559 699 614 tres
715 557 804 615 tertio
820 557 889 614 looo
905 558 1118 614 enumerantur
1133 555 1237 615 ordIne
1253 555 1473 633 commutato.²)

192 646 346 706 Bubulum
371 647 401 704 et
424 645 548 704 suillum
571 664 591 703 a
612 644 746 704 Varrone
770 647 818 704 est
841 645 998 713 omissum,
1030 645 1172 720 equinum
1195 660 1257 703 non
1279 645 1324 702 Ita
1346 645 1475 703 multum

192 735 292 796 valere
323 734 433 792 dieitur
463 735 544 792 siout
573 735 605 792 iu
636 734 820 809 geoponieis.
847 767 894 776 —-
921 734 1003 792 Haeo
1026 751 1064 791 ex
1086 733 1221 792 Varrone
1250 734 1381 792 fluxisse
1411 734 1474 792 iam

192 824 343 882 Niciasius
367 823 491 898 negavit
514 823 553 880 ad
577 823 657 881 huno
680 823 782 881 locum
809 823 962 880 adnotans
987 819 1015 897 (l.
1030 821 1049 882 l.
1073 840 1100 897 p.
1121 821 1207 900 147):
1240 821 1323 891 „Hoo
1346 824 1476 897 apparet

192 915 358 972 Varronem
381 914 412 970 et
434 911 596 983 Quintilios
620 912 748 970 eundem
772 914 896 970 secutus
920 929 989 970 esse
1012 914 1196 970 auctorem‘.
1242 911 1346 968 Utrum
1369 929 1475 968 revera

193 1001 327 1074 Quintilii
350 1001 463 1059 fuerint
485 1017 587 1069 neone,
614 1019 715 1059 eruere
738 1003 846 1061 nostra
868 1000 969 1058 minus
993 1000 1126 1058 interest

198 1126 204 1136 ι
302 1108 388 1166 geop.
404 1089 472 1147 XIX
488 1089 563 1158 ue:
593 1087 687 1169 ἡνίκα
715 1086 750 1150 δὲ
778 1086 967 1168 συλλάβωσι,
995 1086 1187 1168 χωρίζουαιν
1210 1086 1244 1158 ἐξ
1266 1086 1372 1148 αὐτῶν
1400 1083 1475 1155 τοὺς

191 1178 358 1257 κάπρους·
383 1176 598 1257 ὁρμῶντες
622 1174 691 1257 γὰρ
715 1176 772 1238 ἐπ’
797 1174 924 1245 αὐτάς
945 1176 1015 1238 καὶ
1038 1175 1344 1256 σπαράττοντες
1366 1174 1473 1237 ἐκτι-

192 1266 397 1348 τρώσκειν
419 1263 546 1333 αιἰτάς
567 1270 772 1327 ποιοῦσιν.

302 1358 337 1414 V.
361 1355 480 1426 114‚8:
515 1373 601 1426 „eum
633 1374 737 1414 omnes
770 1359 980 1430 conceperunt,
1012 1373 1119 1414 rursus
1142 1359 1303 1430 segregant
1324 1346 1472 1413 verrere*

192 1481 236 1490 —
259 1447 311 1515 Ea,
345 1463 424 1521 quae
455 1445 625 1520 geoponioa
646 1444 735 1519 plura
767 1445 918 1513 exhibent,
952 1447 1030 1502 certe
1059 1461 1097 1502 ex
1125 1444 1230 1502 eodem
1252 1444 1337 1502 fonte
1359 1444 1475 1502 hausta

194 1539 274 1604 sunt,
301 1535 380 1592 unde
404 1534 496 1592 etiam
519 1552 565 1602 ea,
591 1551 670 1608 quae
694 1552 762 1591 eum
785 1533 921 1592 Varrone
945 1535 1121 1608 congruunt.

304 1641 391 1699 geop.
406 1623 473 1681 XIX
491 1623 564 1691 6,8;
594 1618 632 1681 τὰ
656 1619 691 1682 δὲ
713 1619 878 1701 τικτόμενα
908 1617 959 1682 διὰ
982 1624 1140 1701 χειμῶνος
1167 1618 1340 1700 λειπόθηλα
1364 1619 1475 1700 γίνεται

195 1710 247 1773 διὰ
270 1708 327 1792 τὴν
352 1709 545 1789 δυσκρασίαν
568 1714 624 1772 τοῦ
648 1709 743 1790 ἀέρος
773 1709 835 1772 καὶ
866 1708 955 1772 οὐδὲ
985 1709 1127 1777 ἱκανῶς
1150 1707 1335 1789 γάλακτος
1361 1730 1473 1788 μετα-

192 1799 480 1882 λαμβάνοντα,
511 1802 576 1860 τῶν
605 1798 756 1879 μητέρων
786 1797 864 1862 αὐτὰ
897 1797 1132 1877 διωθουμένων
1160 1795 1211 1858 διὰ
1234 1795 1270 1859 τὸ
1292 1795 1348 1865 τὰς
1370 1794 1476 1877 θηλὰς

194 1887 404 1961 απανιζούσας
427 1886 592 1968 γάλακτος,
616 1887 679 1968 βίᾳ
701 1886 937 1969 θλιβομένας
958 1885 1023 1948 ὑπὸ
1046 1889 1110 1949 τῶν
1133 1885 1277 1948 ὀδόντων
1292 1884 1474 1956 ἑλκοῦαθαι,

303 1980 338 2039 V.
362 1979 389 2036 II
406 1980 435 2047 4,
450 1979 504 2036 13:
531 1979 642 2059 „porei
669 1979 720 2053 qui
743 1979 809 2036 nati
825 1979 930 2047 hieme,
955 1978 1036 2035 fiunt
1058 1977 1153 2035 exiles
1169 1979 1289 2052 propter
1308 1976 1422 2050 frigora
1445 1978 1476 2034 et

195 2069 275 2144 quod
310 2071 423 2126 matres
459 2070 662 2142 aspernantur
699 2069 821 2142 propter
852 2067 1047 2142 exiguitatem
1078 2065 1178 2134 laetis
1215 2065 1296 2141 quod
1332 2065 1475 2122 dentibus

195 2157 372 2217 sauciantur
395 2158 555 2231 propterea
577 2151 773 2214 mammae“.*
803 2189 849 2199 —
879 2156 918 2213 Hi
948 2155 1008 2213 looi
1039 2157 1165 2230 excepto
1197 2172 1243 2223 eo,
1276 2155 1358 2229 quod
1380 2154 1477 2211 verba

197 2243 267 2326 „aui
291 2242 368 2306 οὐδὲ
388 2290 394 2303 .
412 2289 418 2303 .
436 2289 442 2303 .
463 2240 657 2325 μεταίαμβ.“
684 2247 715 2304 et
740 2242 812 2324 „dte
835 2240 905 2304 θλ.“
932 2245 1014 2319 apud
1029 2244 1195 2302 Varronem
1218 2261 1281 2302 non
1304 2245 1384 2308 sunt.
1409 2244 1474 2299 tam

195 2336 301 2394 stmilis
333 2337 414 2402 sunt,
448 2337 484 2390 ut
514 2333 642 2392 alterum
674 2333 801 2392 alterius
831 2333 1001 2391 versionem
1033 2351 1102 2390 esse
1133 2333 1226 2391 dieas.
1271 2332 1350 2389 Fieri
1372 2333 1475 2389 autem

194 2442 254 2482 non
281 2427 393 2499 potest,
429 2425 464 2480 ut
485 2423 581 2480 Varro
613 2422 803 2498 geoponioon
833 2422 905 2481 fons
932 2422 974 2480 sIt
1003 2424 1170 2496 propterea,
1204 2421 1286 2496 quod
1312 2420 1475 2494 frigoribus

194 2513 355 2588 respondet
380 2509 562 2590 δυσκρασία.
609 2512 799 2587 Quamquam
823 2511 902 2569 enim
933 2512 1008 2568 haee
1032 2512 1125 2569 verba
1155 2512 1234 2568 certe
1257 2508 1334 2567 idem
1359 2509 1474 2576 dieunt,

193 2606 295 2660 tamen
317 2601 432 2675 frigora
462 2618 499 2658 ex
531 2597 723 2678 δυσκρασίας
745 2600 995 2674 interpretatione
1018 2602 1086 2657 orta
1109 2601 1190 2668 sunt,
1223 2617 1285 2656 non
1316 2598 1475 2657 contrarie.

194 2691 276 2750 Haeo
307 2690 384 2748 enim
415 2707 477 2748 vox
508 2690 642 2748 eontinet
665 2689 909 2748 vetustissImam
933 2689 1109 2749 doetrInam.
1153 2687 1245 2746 Velut
1271 2688 1354 2763 apud
1376 2687 1475 2744 Theo·

195 2781 353 2854 phrastum
383 2779 560 2853 temperatio
593 2779 672 2836 aeris
704 2778 806 2852 magni
836 2781 886 2837 est
915 2778 1070 2846 momenti,
1102 2778 1133 2834 id
1165 2777 1248 2852 quod
1279 2794 1316 2834 ex
1348 2776 1424 2834 loois
1455 2793 1477 2833 a

193 2868 355 2926 Wimmero
373 2865 435 2944 (vol
451 2867 491 2925 III
514 2887 543 2943 p.
560 2866 634 2942 306)
655 2867 687 2925 in
702 2867 800 2924 indioe
823 2868 879 2925 sub
896 2869 1008 2943 κρᾶσις
1028 2866 1163 2925 oolleotis
1184 2865 1315 2924 dilucide
1335 2866 1476 2940 apparet;

194 2960 284 3034 atque
300 2958 371 3032 ipsa
387 2953 561 3035 δυσκρασία
576 2956 731 3014 invenitur
746 2956 828 3031 apud
850 2956 979 3014 eundem
1002 2970 1026 3014 α.
1042 2956 1081 3030 pl.
1099 2956 1125 3014 V
1140 2955 1170 3024 8,
1181 2956 1215 3013 2:
1238 2956 1302 3014 τῶν
1319 2950 1353 3013 δὲ
1368 2951 1476 3013 νόσων

195 3044 289 3126 ἀρχαὶ
311 3043 461 3123 καθάπερ
484 3048 548 3112 τοῖς
571 3043 668 3115 ζώοις
690 3044 710 3123 ἢ
734 3041 799 3104 ἀπὸ
821 3044 917 3123 ...ἢ
942 3041 1076 3114 ἔξωθεν,
1105 3041 1179 3103 ὅταν
1202 3042 1222 3121 ἢ
1245 3044 1475 3122 χειμῶνες...

194 3135 213 3214 ἢ
237 3131 314 3214 ἄλλη
337 3155 382 3201 τις
407 3131 581 3212 δυσκρασία
612 3136 668 3194 τοῦ
700 3131 803 3211 ἀέρος.
837 3167 881 3175 -
913 3134 996 3204 Quae
1028 3150 1096 3190 oum
1128 3133 1173 3190 Ita
1203 3133 1273 3199 sint,
1306 3149 1360 3207 pro
1391 3133 1473 3188 oerto

195 3227 329 3282 statuere
353 3241 528 3299 possumus,
561 3223 594 3280 in
625 3223 777 3285 communi
806 3222 891 3279 fonte
921 3222 1019 3280 tuisse
1047 3217 1212 3299 δυκρασία,
1246 3237 1338 3295 quam
1367 3235 1474 3276 vocem

194 3313 288 3371 Varro
312 3316 391 3370 reete
419 3312 637 3386 interpretatus
661 3313 717 3377 est.
750 3310 940 3385 geoponioon
971 3312 1079 3368 auctor
1109 3309 1285 3383 simpliciter
1307 3307 1477 3366 transtulit.

305 3419 390 3476 geop.
407 3401 474 3458 XIX
491 3400 587 3469 6,11:
619 3397 674 3460 καὶ
703 3397 838 3477 ἑκάστην
862 3395 897 3458 δὲ
926 3401 1037 3477 χοῖρον
1066 3395 1232 3457 τίκτουσαν
1262 3394 1296 3456 ἐν
1327 3393 1475 3466 ἰδιάζοντι

195 3493 306 3571 συφεῷ
322 3487 503 3569 ἔμβίητέαν,
527 3485 621 3550 ὥστε
642 3484 693 3568 μὴ
716 3484 925 3565 μίγνυσθαι
948 3483 1124 3565 ἀλλήλοις
1147 3482 1188 3545 τὰ
1210 3481 1311 3563 παρὰ
1336 3481 1475 3564 διαφό-

195 3600 271 3657 ρων
286 3575 499 3658 τικτόμενα,
523 3575 618 3657 τιρός
633 3598 672 3638 τε.
684 3573 748 3642 τὰς
761 3575 928 3655 μητέρας
941 3572 1009 3655 τὴν
1024 3574 1152 3654 γονήν,
1172 3571 1291 3634 καὶτὰ
1306 3570 1475 3652 χοιρίδια

195 3664 500 3738 συνεθίζεσθαι
529 3670 618 3733 ταῖς
648 3663 878 3732 τεκούσαις.
925 3660 981 3725 ἐὰν
1004 3661 1066 3742 γὰρ
1096 3661 1239 3743 ἀλλήλοις
1267 3664 1476 3740 συναναμιγῇ,

194 3754 351 3818 ἀδύνατον
382 3752 461 3816 αὐτὰ
490 3753 660 3833 διαγνῶναι
686 3751 742 3821 τὰς
764 3751 925 3820 τεκούσας.
963 3751 1083 3832 βείτίον
1107 3749 1150 3823 δὲ,
1181 3750 1211 3811 εί
1230 3749 1345 3830 ἑκάστη
1368 3749 1477 3829 τρέφει

194 3843 230 3905 τὰ
254 3843 325 3905 ἴδια.

306 3934 341 3992 V.
365 3934 391 3991 11
407 3934 503 4010 4,13;
531 3932 653 4013 „scrofa
675 3932 706 3989 in
723 3949 782 3990 sua
797 3949 938 4007 quaeque
954 3932 1031 3989 hara
1046 3948 1121 3988 suos
1138 3930 1203 3987 alat
1218 3931 1339 4004 oportet
1353 3945 1472 4003 porcos,

195 4025 277 4100 quod
293 4023 411 4082 alienos
426 4014 524 4106 (non)
547 4023 728 4096 aspernatur
751 4023 782 4078 et
804 4021 881 4090 ideo,
909 4021 936 4078 si
960 4019 1133 4078 conturbati
1156 4021 1230 4078 sunt
1252 4019 1284 4076 in
1305 4019 1414 4085 fetura,
1438 4018 1478 4074 fit

195 4107 371 4170 deterior“.*
394 4144 438 4154 -
462 4111 499 4169 oi.
523 4110 584 4168 Col.
600 4110 655 4167 VH
672 4110 701 4179 9,
715 4109 763 4168 11.

303 4301 320 4365 ¹)
341 4301 370 4355 Si
382 4301 501 4355 Varroni
518 4300 592 4355 fides
610 4297 739 4353 habenda
758 4302 810 4364 est,
830 4299 942 4354 Cassius
959 4299 988 4352 in
1006 4298 1091 4352 tertio
1109 4297 1198 4367 gradu
1211 4297 1304 4368 posuit
1324 4293 1477 4365 caprinum,

196 4371 319 4438 ovillum,
351 4372 470 4426 asinium
497 4373 613 4428 stercus.
656 4369 739 4424 Cuius
769 4370 973 4425 distributionis
1003 4370 1030 4423 in
1054 4368 1218 4439 geoponiois
1246 4367 1354 4421 nullum
1381 4367 1475 4420 exstat

194 4444 353 4513 vestiqum
372 4443 480 4498 sedhic
498 4443 583 4497 etiam
601 4444 724 4512 quartus,
744 4441 866 4512 quintus,
886 4444 983 4496 sextus
995 4442 1098 4509 gradis
1110 4441 1251 4494 statuitur.
1280 4437 1331 4505 Qui
1343 4436 1478 4490 audacior

197 4515 256 4580 erit,
276 4515 351 4569 dicet
369 4515 454 4569 etiam
473 4515 518 4568 hio
536 4514 610 4567 siout
627 4529 712 4582 supra
731 4511 765 4582 (p.
779 4512 826 4578 27;
846 4531 872 4584 p.
885 4512 921 4566 45
939 4513 1035 4566 adnot.
1048 4512 1073 4580 2)
1092 4512 1226 4576 accidere,
1245 4512 1276 4563 ut
1294 4523 1351 4562 non
1364 4506 1478 4560 Cassius

195 4585 237 4651 D.‚
262 4586 485 4710 sedteommunis
508 4585 573 4638 tons
591 4601 608 4638 a
626 4583 803 4653 geoponioon
827 4585 943 4638 auctore
966 4584 1003 4637 stt
1021 4599 1177 4652 expressus.
1214 4579 1294 4648 Quod
1311 4577 1476 4632 verisimilli-

195 4673 271 4710 mum
289 4673 319 4711 es
334 4701 339 4713 .
