3525 5342
822 377 1044 442 ..64-

293 561 327 618 D.
360 577 396 617 ex
426 560 589 619 Aristotele
619 559 760 628 fortasse,
795 559 1023 634 Theophrasto,
1055 559 1242 628 Menecrate,
1275 561 1424 619 Archelao
1455 562 1574 630 hausit,

293 649 385 707 etiam
408 648 509 724 plures
533 651 572 706 ad
597 649 695 707 Cassii
719 649 870 724 epitomen
893 648 1070 707 referamus.
1108 648 1207 717 Viam,
1225 667 1289 724 qua
1303 650 1362 708 hoc
1376 650 1442 707 fieri
1458 653 1575 730 potest,

293 738 474 796 monstravit
490 738 662 807 Buecheler,
680 738 795 813 primus
811 737 956 795 Heinsius
972 735 1001 814 (l.
1018 737 1036 796 l
1052 736 1102 815 ΠΙ)
1126 738 1283 812 ingressus
1300 742 1357 807 est,
1383 739 1445 813 qui,
1463 742 1499 797 ut
1513 740 1573 798 hoc

292 831 438 902 repetam,
476 827 639 885 admodum
669 827 782 884 multos
813 826 899 884 locos
930 844 968 884 ex
997 827 1142 894 Varrone,
1179 827 1363 896 Columella,
1394 829 1572 903 geoponicis

292 917 424 975 haustos
454 916 531 974 inter
562 934 595 974 se
619 914 748 974 contulit
771 932 807 973 ac
830 915 941 972 statuit
963 932 1017 974 eos
1041 916 1081 973 ad
1105 933 1294 975 communem
1316 916 1439 985 iontem,
1465 935 1574 993 nempe

291 1005 450 1079 Magonem
473 1039 516 1048 -
540 1005 721 1080 Dionysium
753 1004 858 1073 redire,
892 1021 981 1079 quem
1015 1005 1146 1080 quisquc
1169 1006 1209 1062 ab
1232 1004 1329 1064 altero
1353 1023 1414 1064 non
1438 1007 1573 1080 pendens

292 1094 492 1168 exscripserit.
539 1093 635 1163 Quam
666 1093 838 1167 opinionem
862 1093 1024 1151 Gentillius
1055 1094 1259 1168 maximopere
1281 1093 1448 1168 impugnat.
1494 1095 1572 1152 Huic

291 1183 369 1240 enim
388 1183 467 1263 „iam
484 1183 598 1257 pridem
620 1184 766 1257 suspecta
781 1185 875 1250 erant,
902 1199 981 1258 quae
997 1181 1142 1240 Heinsius
1158 1183 1365 1240 demonstrare
1381 1179 1569 1242 conabatur“

291 1271 319 1346 (1.
337 1271 354 1330 l.
372 1290 399 1347 p.
417 1271 488 1348 152)
505 1288 632 1346 eamque
649 1272 687 1328 ob
704 1288 839 1339 causam,
863 1273 1028 1346 postquam
1048 1266 1233 1342 ,ostendit‘,
1252 1272 1304 1346 qui
1319 1271 1379 1330 loci
1390 1273 1573 1332 Varroniani

291 1362 330 1418 ad
346 1360 542 1418 Aristotelem
565 1363 596 1416 et
611 1360 854 1434 Theophrastum
877 1361 909 1417 ct
932 1359 1012 1418 alios
1035 1360 1180 1417 referendi
1204 1361 1275 1428 sint,
1297 1360 1455 1418 Heinzium
1470 1361 1571 1436 ipsum

291 1449 464 1523 aggreditur
495 1466 532 1506 ac
563 1450 721 1517 contrarie,
754 1451 789 1507 ut
812 1449 1036 1523 argumentatio
1060 1449 1151 1523 plena
1173 1449 1223 1517 sit,
1249 1451 1445 1524 comprobare
1468 1450 1573 1507 studet

291 1556 336 1604 ea,
363 1556 441 1613 quae
465 1537 547 1613 apud
569 1538 744 1605 Varronem,
770 1537 975 1606 Columellam,
997 1538 1029 1594 in
1044 1537 1221 1612 geoponicis
1237 1538 1351 1596 similia
1365 1539 1569 1606 inveniantur,

290 1645 352 1685 non
383 1627 420 1684 ad
446 1644 632 1686 communem
655 1626 769 1684 fontem
792 1626 896 1695 redire,
930 1627 984 1684 sed
1008 1627 1112 1701 potius
1135 1645 1229 1685 unum
1252 1627 1417 1685 Varronem
1441 1628 1574 1686 maxime

291 1715 457 1790 amplarum
490 1715 666 1774 animalium
697 1716 933 1790 descriptionum
963 1732 1033 1772 esse
1056 1717 1219 1784 auctorem,
1252 1733 1349 1774 exeo
1373 1720 1474 1774 autem
1497 1734 1570 1790 geo-

290 1805 421 1879 pcnicon
446 1807 601 1862 auctorem
624 1805 766 1863 maiorem
791 1821 895 1862 earum
919 1807 1035 1879 partem
1058 1805 1237 1879 sumpsisse,
1262 1805 1408 1864 minorem
1427 1823 1463 1862 cx
1480 1805 1572 1863 Colu-

290 1893 387 1962 mella,
414 1911 503 1969 quem
517 1894 683 1952 Varronem
699 1894 747 1951 his
770 1893 846 1951 locis
870 1893 1058 1967 expressisse
1073 1893 1246 1951 necessario
1262 1896 1361 1969 putat,
1384 1911 1572 1969 quamquam

290 1999 443 2058 nusquam
468 1982 619 2057 expressis
644 1983 744 2041 verbis
768 1983 799 2040 id
822 1981 896 2040 dicit
918 1980 946 2058 (1.
962 1981 980 2039 l.
1005 2000 1033 2057 p.
1053 1981 1135 2058 145).
1180 1983 1341 2041 Praeterea
1363 1983 1443 2040 satis
1466 1982 1571 2041 multis

290 2070 365 2130 locis
389 2072 546 2129 ostendere
570 2072 674 2129 studet
695 2072 728 2129 in
749 2071 927 2146 geoponica,
953 2088 1032 2146 quae
1056 2071 1151 2129 Varro
1175 2071 1298 2129 omnino
1321 2072 1506 2140 nonhabet,
1533 2089 1571 2128 ex

290 2160 456 2219 Columella
477 2161 607 2218 fluxisse
631 2159 693 2236 (1.1.
718 2178 746 2234 p.
766 2155 907 2241 146ί47).
954 2159 1061 2236 Itaque
1085 2161 1189 2218 censet
1203 2160 1366 2218 Cantillius
1381 2161 1570 2235 geoponicon

290 2251 443 2308 auctorem
474 2249 624 2324 quendam
655 2250 712 2307 hos
737 2249 899 2324 scriptores
923 2249 1078 2307 Romanos
1102 2251 1226 2323 saepius
1251 2249 1459 2324 exscripsisse.
1505 2250 1573 2308 Hoc

290 2339 319 2396 si
341 2341 456 2396 rectum
480 2339 570 2406 esset,
595 2339 632 2395 de
656 2338 808 2396 communi
830 2338 915 2396 fonte
938 2337 1078 2395 nimirum
1101 2338 1162 2394 iam
1184 2355 1247 2395 non
1270 2338 1398 2411 cogitari
1413 2337 1518 2396 liceret
1532 2356 1572 2396 ac

290 2426 380 2485 simul
402 2428 438 2495 is,
465 2427 518 2502 qui
540 2427 658 2484 Heinnii
680 2427 828 2484 rationem
852 2428 987 2494 secutus,
1014 2444 1093 2500 quae
1115 2427 1212 2485 Varro
1235 2443 1273 2484 ex
1296 2426 1404 2485 Cassio
1420 2427 1572 2502 Dionysio

289 2516 412 2584 habeat,
438 2518 574 2574 statuere
597 2515 698 2585 vellet,
724 2515 804 2573 omni
825 2518 907 2573 certo
922 2515 1121 2573 fundamento
1138 2518 1221 2584 esset
1236 2516 1402 2574 destitutus
1418 2514 1466 2591 (ci
1482 2515 1569 2574 Geni.

289 2605 307 2662 l.
324 2605 342 2662 l.
365 2622 393 2678 p.
413 2605 493 2682 163).
545 2605 627 2675 Quae
659 2621 727 2662 cum
750 2605 795 2662 ita
818 2604 880 2662 sint
911 2607 1049 2662 nostrum
1080 2607 1128 2662 est
1151 2605 1362 2679 quaestionem
1394 2605 1570 2664 incohatam

290 2694 463 2752 accuratius
487 2694 636 2769 persequi.
675 2693 761 2764 Quod
786 2691 874 2750 aliter
889 2693 956 2750 fieri
971 2711 1033 2752 non
1048 2696 1152 2768 potest
1166 2711 1203 2750 ac
1219 2693 1393 2761 statuendo,
1418 2711 1570 2770 quaenam

288 2782 367 2840 ratio
390 2783 467 2840 inter
489 2781 658 2857 geoponica
681 2784 711 2839 et
733 2781 899 2840 Varronem
921 2781 1177 2858 Columellamque
1200 2783 1374 2840 intercedat
1405 2782 1571 2856 Incipimus

289 2872 327 2929 ab
351 2871 411 2930 illo.
448 2863 451 2871 ’

401 2956 482 3041 §lz
505 2960 669 3018 Varronem
693 2960 732 3016 ab
756 2977 801 3022 eo.
827 2960 880 3034 qui
895 2960 1073 3040 geoponica,
1099 2977 1178 3034 quae
1194 2977 1273 3017 nunc
1290 2962 1371 3028 sunt,
1397 2960 1572 3034 composuit

289 3066 358 3107 esse
389 3049 568 3123 inspectum,
601 3065 688 3105 nemo
721 3048 824 3106 credat
852 3048 903 3106 vel
933 3048 1011 3116 ideo,
1044 3049 1126 3122 quod
1156 3049 1290 3106 maxima
1319 3049 1454 3123 capitum
1484 3067 1567 3122 pars,

289 3155 417 3213 quorum
449 3138 481 3195 in
512 3137 708 3212 inscriptione
739 3137 834 3194 Varro
866 3140 973 3195 auctor
1003 3137 1189 3204 nominatur,
1233 3154 1282 3195 res
1313 3138 1455 3205 continet,
1488 3155 1567 3213 quas

287 3227 402 3286 frustra
425 3227 508 3302 apud
530 3227 693 3284 Varronem
718 3223 883 3302 quaeras.¹)

395 3315 506 3374 Contra
529 3333 591 3374 non
615 3315 757 3383 dubitem,
783 3316 855 3390 quin
871 3317 980 3373 auctor
995 3311 1154 3390 quidam,²)
1171 3331 1209 3370 ex
1224 3313 1311 3371 cuius
1328 3331 1418 3388 opere
1433 3314 1569 3372 fortasse

288 3405 435 3463 nonnulla
465 3405 599 3462 frustula
628 3406 749 3462 tantum
780 3421 800 3460 a
830 3404 933 3461 nescio
965 3420 1026 3478 quo
1057 3403 1176 3460 homine
1203 3403 1235 3460 in
1269 3403 1392 3476 eclogas
1415 3402 1569 3460 translata

288 3496 369 3561 sunt,
394 3494 559 3551 Varronem
591 3492 770 3551 adhibuerit.
816 3493 903 3562 Quod
933 3495 969 3549 ut
999 3492 1127 3559 credam,
1161 3491 1296 3549 adducor
1328 3492 1427 3549 verbis
1451 3492 1566 3566 geopl

292 3582 318 3650 l,
333 3582 417 3656 2sq.,
444 3582 626 3657 quibuscum
649 3581 831 3639 conferenda
854 3583 928 3638 sunt
949 3580 1140 3638 Varroniano.
1163 3576 1375 3658 128,1sq.⁸):

392 3666 433 3731 Οί
453 3669 557 3731 τοίνυν
579 3666 722 3739 πλεῖστοι,
746 3667 800 3729 καί
822 3666 887 3748 πρό
903 3689 938 3747 γε
952 3667 1082 3729 πάντων
1097 3666 1223 3747 Βάρων
1238 3666 1257 3728 ὁ
1272 3664 1447 3748 Ρωμαϊκὸς
1462 3665 1565 3747 ἀρχὴν

288 3757 383 3837 ἔαρος
413 3757 505 3829 εἶπεν,
537 3756 613 3820 ὅταν
636 3756 683 3826 ὡς
712 3756 762 3818 ἐπὶ
792 3753 827 3817 τὸ
850 3755 994 3818 πλεῖστον
1015 3755 1069 3817 καί
1092 3755 1111 3817 ὁ
1135 3755 1275 3836 ζέφυρος
1297 3755 1328 3833 (a
1349 3758 1475 3815 favonio
1499 3753 1565 3836 §2l

287 3845 420 3926 ἄρχηται
442 3851 538 3917 πνεῖν,
562 3844 641 3926 ὅπερ
664 3843 727 3907 ἐστὶ
749 3849 786 3926 τῇ
811 3843 875 3924 πρὸ
899 3843 974 3906 ἑπτὰ
990 3844 1086 3907 εἰδῶν
1105 3842 1337 3924 Φεβρουαρίων
1353 3845 1389 3922 (a.
1407 3847 1433 3904 d.
1446 3846 1508 3905 Vll.
1524 3847 1565 3903 id.

279 3935 390 4013 ¹licha),
415 3933 504 4015 ἡλίου
528 3934 562 3996 έν
584 3933 736 4015 ὑδροχόῳ
768 3934 810 4011 (in
833 3935 960 4010 aquario
984 3932 1049 4015 §ll
1078 3933 1169 4002 ὄντος
1191 3932 1254 3995 καὶ
1276 3937 1390 4014 τριῶν
1413 3934 1433 4013 ἢ
1456 3934 1567 3996 πέντε

286 4027 435 4104 μοιρῶν
462 4023 669 4105 γενομένου
694 4021 869 4101 (τουτέστι
891 4027 990 4103 τρεῖς
1013 4023 1032 4103 ἢ
1055 4022 1164 4085 πέντε
1186 4022 1332 4103 ἡμέρας
1355 4021 1394 4084 ἐν
1416 4027 1468 4101 τῷ
1490 4022 1564 4094 ζω-

288 4111 357 4192 disp
388 4112 558 4193 ἔχοντος).
601 4110 923 4193 συμπληροῦσθαι
953 4109 993 4172 δὲ
1023 4109 1064 4172 τὸ
1091 4111 1157 4191 ἔαρ
1185 4111 1237 4180 εἷς
1264 4110 1404 4178 νόννας
1427 4108 1567 4179 Μαίας.

394 4304 412 4373 ¹)
432 4304 466 4359 ci.
486 4303 603 4368 Gemoll,
622 4304 639 4359 l.
653 4304 670 4359 l.
690 4321 716 4374 p.
730 4303 794 4369 232;
814 4302 919 4357 Heinze
937 4302 954 4359 l.
967 4302 985 4358 l.
999 4319 1024 4373 p.
1037 4301 1100 4369 435,
1118 4303 1214 4358 adnot.
1230 4302 1252 4357 1.

394 4377 411 4444 ²)
431 4375 577 4429 Gentillius
600 4375 617 4430 l.
631 4375 648 4430 l.
669 4392 694 4446 p.
711 4374 762 4428 148
787 4377 901 4428 secutus
925 4373 1092 4431 Gemollium
1109 4373 1126 4429 l.
1140 4373 1157 4429 l.
1178 4390 1204 4444 p.
1217 4373 1271 4426 242
1296 4372 1460 4426 Cassianum
1478 4371 1566 4426 fuisse

286 4447 354 4502 vult.
392 4446 527 4516 Equidem
553 4447 647 4515 potius
665 4447 775 4500 credam
793 4446 881 4500 fuisse
900 4444 1055 4511 Quintilios.
1092 4445 1128 4499 Hi
1146 4445 1220 4499 enim
1238 4444 1314 4498 haud
1332 4443 1414 4498 dubie
1435 4442 1566 4513 epheme-

285 4518 373 4572 ridem
409 4520 627 4589 composuerunt
663 4517 706 4586 (cf.
726 4533 807 4588 geop.
827 4517 950 4587 inscript.
970 4516 1029 4582 19,
1053 4515 1092 4570 III
1110 4514 1133 4586 1,
1171 4517 1201 4570 et
1235 4515 1390 4570 Varronem
1427 4517 1568 4568 noverant

287 4591 377 4660 (ἔθορ’
393 4589 536 4730 81lncll'lh.
549 4660 713 4724 Mommsen,
733 4629 813 4714 Rom.
827 4656 1015 4728 Chronologie
1033 4674 1059 4728 p.
1072 4657 1163 4727 59160.
