3525 5342
824 423 1046 487 ..48-

296 605 494 687 ὑπάρχουσιν
510 623 516 636 ·
533 605 566 666 αἱ
590 603 624 666 δὲ
648 603 736 666 ἄλλαι
758 603 870 684 τέχνης
893 604 913 683 ἢ
939 601 978 683 δὴ
1006 602 1232 681 προαιρέσεως.
1278 603 1462 661 Dividuntur
1484 603 1577 678 igitur

299 715 318 755 a
341 697 549 771 Theophrasto
573 695 626 753 illa
649 699 718 753 octo
741 712 852 769 genera
874 694 907 751 in
930 693 1008 751 duas
1031 696 1143 767 partes,
1173 695 1345 768 exquibus
1368 710 1432 751 una
1454 695 1573 760 natura,

297 786 393 844 altera
416 788 480 844 arte
503 786 548 850 iit,
582 787 613 842 et
644 784 764 860 quidem
794 785 826 840 in
849 800 942 840 unam
973 782 1156 857 colliguntur
1176 783 1245 845 tria,
1282 781 1399 840 scilicet
1420 782 1460 850 id,
1494 781 1575 856 quod

298 877 407 949 sponte
430 871 501 951 first)
525 874 556 930 id
580 874 661 949 quod
685 872 852 930 seminibus
876 872 993 946 proprie
1018 870 1115 940 dictis,
1147 871 1279 939 tertium,
1311 871 1392 945 quod
1415 887 1454 928 ex
1476 870 1576 927 radice

297 965 335 1021 iit
358 961 426 1038 (nos
451 963 578 1021 dicimus
601 959 809 1038 Ausliiufer).⁹)
855 961 960 1018 Altera
983 978 1054 1035 pars
1085 960 1293 1034 complectitur
1315 960 1432 1034 reliqua
1453 976 1574 1034 genera,

298 1053 414 1120 scilicet
443 1050 722 1127 propaginationes,
756 1053 791 1107 ut
821 1050 866 1107 ita
897 1050 1004 1117 dicam,
1037 1066 1075 1107 ex
1098 1045 1308 1125 stolonibus,⁸)
1343 1047 1506 1117 exremis,
1539 1064 1577 1105 ex

298 1141 436 1206 surculis,
470 1158 507 1198 ex
534 1140 601 1214 ipso
634 1141 750 1206 trunc0,
784 1157 822 1196 ex
845 1138 927 1213 ligno
960 1138 1089 1196 diffisso.
1135 1137 1251 1208 Quibus
1273 1138 1375 1195 verbis
1397 1137 1489 1194 factis
1512 1137 1573 1205 Th,

299 1249 378 1306 quae
401 1231 490 1288 modo
515 1229 551 1286 de
582 1228 676 1286 variis
704 1229 870 1286 seminibus
902 1227 1036 1302 protulit,
1071 1226 1225 1284 nonnullis
1257 1226 1401 1302 exemplis
1432 1225 1576 1293 illustrat,

299 1337 426 1394 quorum
450 1335 557 1392 agmen
581 1317 625 1374 sio
649 1317 764 1374 claudit
786 1317 857 1374 ibid.
882 1313 950 1395 §42
973 1312 1011 1374 τὰ
1033 1312 1094 1393 μὲν
1116 1310 1174 1374 οὗν
1197 1312 1313 1394 δένδρα
1337 1312 1502 1394 βλαστάνει
1524 1311 1577 1375 καὶ

299 1407 412 1486 γίνεται
449 1403 528 1467 κατὰ
566 1401 640 1472 τοὺς
678 1403 865 1485 εἰρημένους
902 1402 1048 1483 τρόπους.
1094 1402 1127 1463 αί
1164 1400 1225 1482 γὰρ
1263 1402 1427 1483 ἕμφυτεῖαι
1460 1399 1514 1463 καὶ
1548 1400 1580 1462 οῖ

298 1491 555 1573 ἐνοφδαλμισμολ
577 1492 727 1571 καθάπερ
749 1493 848 1573 μίξεις
862 1493 952 1560 τινές
964 1492 1039 1554 εἰσιν
1059 1493 1079 1572 ἢ
1095 1491 1164 1553 κατ’
1183 1489 1278 1552 ἄλλον
1300 1490 1420 1569 τρόπον
1435 1491 1579 1569 γενέσεις,

299 1582 369 1662 περὶ
393 1579 441 1644 ὧν
464 1581 595 1662 ὕστερον
617 1581 752 1644 λεκτέον.
787 1584 961 1658 Seiungitur
983 1583 1074 1656 igitur
1088 1582 1192 1640 insitio
1209 1585 1239 1639 et
1253 1582 1420 1639 inoculatio
1436 1600 1456 1638 a
1472 1581 1577 1638 ceteris

299 1673 446 1731 seminum
477 1673 637 1748 generibus
668 1676 790 1747 propter
821 1690 933 1730 causas
965 1690 985 1728 a
1007 1672 1217 1747 Theophrasto
1248 1671 1358 1729 ibidem
1386 1671 1508 1738 allatas,
1542 1687 1578 1726 ac

298 1763 378 1819 fiunt
401 1762 623 1836 quodammodo
647 1763 706 1820 tria
728 1779 846 1836 genera.
889 1761 975 1818 Haec
997 1761 1154 1819 hactenus.

411 1850 621 1908 Convertimus
652 1868 733 1908 nunc
764 1851 803 1908 ad
826 1850 1000 1917 Varronem,
1034 1850 1085 1925 qui
1109 1849 1145 1906 de
1173 1849 1268 1923 primo
1300 1849 1448 1906 seminum
1471 1865 1581 1922 genere
1648 1848 1650 1851 ’

299 1939 376 1996 hacc
400 1940 513 2014 profert
536 1957 600 2015 cap.
617 1939 668 1998 40.
687 1939 717 1997 1:
752 1939 903 2009 ,Primum
926 1955 1037 2007 semen,
1063 1938 1145 2012 quod
1168 1941 1216 1996 est
1237 1938 1417 2012 principium
1439 1936 1575 2011 genendi,

300 2030 331 2086 id
354 2029 475 2104 duplex,
500 2045 594 2085 uuum
626 2028 707 2103 quod
737 2029 813 2086 latet
843 2030 980 2086 nostrum
1004 2045 1137 2095 sensum,
1172 2026 1299 2084 alterum
1327 2027 1409 2101 quod
1432 2028 1580 2100 apertum.

300 2119 384 2186 latet,
410 2117 436 2175 si
460 2119 533 2175 suut
558 2117 674 2174 semina
696 2117 727 2173 in
751 2119 828 2184 atre,
854 2119 890 2173 ut
912 2117 956 2174 ait
978 2116 1123 2191 physicos
1146 2116 1355 2189 Anaxagoras,
1381 2118 1412 2173 et
1434 2115 1461 2172 si
1485 2131 1575 2189 aqua,

300 2224 378 2282 quae
401 2206 504 2264 influit
525 2206 556 2263 in
575 2217 694 2280 agrum,
719 2206 827 2264 inferre
850 2205 939 2273 solet,
963 2209 999 2262 ut
1021 2205 1126 2263 scribit
1141 2205 1377 2279 Theophrastus.
1406 2204 1480 2261 illud
1497 2203 1578 2278 quod

301 2297 427 2371 apparet
451 2287 503 2376 [ad
526 2287 701 2376 agricolas],
726 2295 756 2351 id
779 2294 942 2352 videndum
973 2290 1185 2370 diligenter“.⁴t
1232 2294 1407 2368 Sequuntur
1429 2292 1579 2367 quaedam

301 2385 338 2442 de
362 2384 475 2442 semine
499 2384 642 2458 cypressi,
667 2386 731 2440 tum
755 2384 889 2458 pergitur
904 2379 923 2462 ξ
940 2383 973 2440 2:
1000 2383 1197 2462 „primigenia
1213 2382 1330 2440 semina
1352 2382 1435 2440 dedit
1458 2383 1576 2447 natura,

300 2473 417 2548 reliqua
439 2473 556 2530 invenit
579 2473 765 2547 experientia
788 2473 895 2530 coloni.
928 2472 1033 2546 prima,
1067 2489 1145 2546 quae
1169 2471 1235 2528 sine
1259 2471 1376 2539 colono,
1402 2470 1579 2546 priusquam

304 2565 383 2630 sata,
409 2565 496 2630 nata;
521 2563 664 2629 secunda,
690 2579 769 2637 quae
786 2579 823 2618 ex
846 2561 884 2618 iis
901 2561 1029 2618 collecta
1044 2577 1152 2635 neque,
1177 2561 1354 2636 priusquam
1370 2561 1450 2634 sata,
1475 2554 1582 2616 nata“,

302 2651 378 2707 Tum
410 2650 616 2725 adiunguntur
646 2652 808 2725 praecepta
842 2650 881 2707 ad
915 2667 1005 2706 usum
1036 2650 1221 2707 cotidianum
1253 2649 1432 2723 spectantia,
1465 2647 1586 2705 scilicet

303 2739 393 2814 quale
417 2757 519 2798 semen
543 2740 585 2797 sit
608 2740 774 2797 serendum.
821 2738 865 2795 Ex
888 2738 999 2812 quibus
1023 2738 1151 2813 primum
1174 2737 1310 2813 exemplo
1334 2737 1512 2794 illustratur.

413 2846 527 2915 Quodsi
566 2846 747 2921 quaerimus,
789 2863 941 2920 quaenam
979 2845 1180 2919 Theophrasti
1225 2861 1335 2917 genera
1380 2843 1437 2901 hoc
1483 2843 1583 2918 primo-

301 2935 446 2992 Varronis
479 2935 698 3002 contineantur,
731 2934 798 2991 luce
830 2934 942 2991 clarius
975 2935 1102 3009 apparet
1131 2933 1259 3008 primum
1282 2933 1391 3001 inesse,
1424 2949 1503 3006 quas
1526 2931 1578 2988 Th.

303 3021 330 3098 (l.
347 3022 376 3101 l.)
402 3023 535 3099 appellat
566 3020 766 3101 αὐτομάτους
789 3021 931 3100 γενέσεις,
962 3023 1135 3098 etquidem
1158 3022 1254 3080 Varro
1286 3040 1339 3079 eas
1372 3021 1445 3079 dicit
1466 3020 1583 3078 verbis:

301 3180 515 3192 ——nu—

410 3287 427 3354 1)
447 3285 619 3351 Accuratius,
640 3284 706 3407 quid
724 3285 762 3338 sit
780 3283 893 3343 dictum.
912 3283 1062 3354 exponitur
1079 3284 1114 3336 ab
1133 3283 1233 3338 eodem
1251 3283 1277 3338 h.
1291 3283 1326 3352 pl.
1340 3282 1378 3336 III
1392 3281 1457 3347 1,4:
1485 3281 1580 3338 ταύτας

304 3356 333 3410 δὲ
352 3356 385 3425 δὴ
405 3354 450 3414 τὰς
468 3355 577 3423 γενέσεις
595 3356 647 3408 ὑπο
663 3355 758 3423 ητιτέον
776 3353 849 3418 εἶναι,
876 3361 930 3407 τῶν
948 3354 1047 3421 ἀγρίων
1065 3353 1111 3406 καὶ
1134 3354 1170 3405 ἔτι
1188 3353 1234 3412 τὰς
1252 3353 1423 3419 αὐτομάτους,
1441 3353 1473 3410 ἃς
1490 3351 1536 3404 καί
1555 3352 1584 3403 σί

307 3427 458 3496 φυσιολόγοι
475 3427 593 3494 λέγουσιν
606 3446 612 3456 ·
625 3425 797 3493 Ἀναξαγόρας
823 3425 872 3493 μὲν
891 3425 935 3478 τδν
953 3425 1018 3492 ἀέρα
1035 3423 1141 3477 πάντων
1160 3425 1275 3492 φάσκων
1293 3425 1362 3492 ἔχειν
1379 3422 1514 3491 σπέρματα
1532 3422 1579 3474 καί

306 3506 386 3551 ταῦτα
405 3500 656 3566 συγκαταφερόμενα
675 3503 712 3566 τῷ
724 3498 799 3551 ὕδατι
817 3504 909 3565 γεννᾶν
921 3495 952 3549 τὰ
971 3495 1049 3564 φυτά.
1077 3495 1201 3564 Διογένης
1219 3495 1249 3550 δὲ
1261 3495 1410 3564 σηπομένου
1428 3502 1474 3547 τοῦ
1486 3494 1581 3552 ὕδατος

304 3569 350 3622 καὶ
368 3571 439 3636 μίξιν
466 3567 522 3621 τινὰ
548 3568 726 3638 λαμβάνοντος
753 3567 820 3636 πρὸς
847 3567 895 3636 τὴν
922 3575 989 3636 γῆν·
1009 3568 1158 3635 Κλείδημος
1186 3566 1216 3620 δὲ
1234 3567 1384 3620 συνεστάναι
1410 3565 1459 3633 μὲν
1477 3565 1508 3617 ἐκ
1527 3571 1582 3618 τῶν

305 3641 394 3694 αὐτῶν
412 3648 465 3698 τοῖς
484 3641 572 3703 ζώοις,
591 3642 646 3707 ὅσῳ
665 3639 694 3693 δὲ
718 3639 910 3706 θολερωτέρων
928 3638 974 3691 καὶ
997 3638 1174 3706 φυχροτέρων
1192 3646 1316 3691 τοσοῦτον
1334 3636 1439 3704 ἀπέχειν
1457 3644 1503 3689 τοῦ
1522 3639 1581 3697 ζῶα

308 3711 381 3764 εἶναι.
419 3712 479 3780 §52
498 3711 573 3764 ἄλλαι
591 3710 621 3765 δὲ
639 3711 844 3778 ὁμολογούμεναι
863 3710 909 3763 καὶ
927 3710 1053 3777 ἐμφανεῖς
1071 3709 1128 3762 οἶον
1145 3711 1208 3762 ὅταν
1225 3710 1323 3777 ἔφοδος
1341 3709 1443 3776 γίνηται
1461 3715 1582 3774 ποταμοῦ

305 3781 487 3851 παρεκβάντος
506 3781 534 3834 τδ
552 3782 668 3850 ῥεῖθρον,
687 3782 704 3849 ἢ
724 3781 770 3834 καὶ
794 3781 863 3839 ὅλως
881 3781 993 3849 έτέρωδι
1010 3779 1199 3847 ποιησαμένου,
1223 3780 1349 3847 καθάπερ
1367 3781 1383 3831 ό
1399 3780 1486 3838 Νέσσς
1504 3779 1532 3831 ἐν
1550 3787 1582 3846 τῇ

301 3853 461 3922 Ἀβδηρίτιδι
479 3853 603 3910 πολλάκις
627 3854 777 3922 μεταβαίνει
801 3853 848 3905 καὶ
866 3853 922 3918 ἅμα
945 3860 978 3920 τῇ
994 3851 1135 3920 μεταβάσει
1158 3851 1286 3918 τοσαύτην
1303 3851 1369 3919 ὕλην
1386 3857 1512 3918 συγγεννᾷ
1529 3857 1586 3908 τοῖς

304 3926 401 3988 τόποις,
420 3925 487 3976 ὥστε
506 3930 543 3990 τῷ
561 3925 640 3991 τρίτῳ
659 3925 707 3976 ἔτει
727 3931 893 3991 συνηρεφεῖν.
930 3923 976 3975 καὶ
994 3922 1072 3975 πάλιν
1090 3925 1152 3975 ὅταν
1170 3922 1311 3991 ἐπομβρίαι
1329 3922 1481 3989 κατάσχωσι
1499 3921 1581 3974 πλείω

303 3997 407 4062 χρόνον.
445 3995 479 4048 ci.
500 3995 534 4049 de
553 4013 574 4049 e.
588 3995 765 4066 pl.15,lsq.

412 4066 430 4134 δ)
450 4067 485 4122 cf.
503 4082 584 4136 geop.
598 4067 624 4120 X
636 4067 719 4132 57,5:
751 4065 908 4133 monadorum
926 4064 956 4118 δὲ
973 4066 1004 4117 αῖ
1019 4064 1170 4133 ἀμυγδαλαῖ
1188 4065 1235 4117 καὶ
1253 4064 1305 4116 ἀπὸ
1323 4064 1470 4131 σπέρματος
1488 4061 1581 4124 καὶὲξ

305 4137 471 4204 αὐτορρίζων
488 4137 534 4189 καὶ
559 4137 741 4204 παραστάδων
765 4137 782 4205 ἢ
801 4136 1002 4203 μοσχευμάτων.
1039 4136 1146 4191 Plinius
1170 4137 1239 4191 setis
1263 4137 1348 4191 libere
1366 4136 1418 4190 Th.
1437 4134 1583 4204 exscripsit

306 4211 340 4278 (n.
359 4209 386 4264 h.
406 4208 482 4262 XVH
494 4208 549 4277 58):
570 4212 635 4273 „aut
653 4209 727 4262 enim
746 4208 850 4262 semine
869 4208 1038 4277 proveniunt
1056 4210 1106 4261 aut
1124 4207 1228 4277 plantis
1245 4207 1345 4262 radicis
1362 4211 1413 4261 aut
1430 4206 1583 4277 propagine

305 4282 355 4334 aut
373 4279 517 4334 avulsione
535 4284 586 4334 aut
604 4280 713 4334 smoulo
733 4282 783 4333 aut
800 4279 885 4334 insito
903 4280 932 4333 in
951 4281 1082 4334 consecto
1102 4278 1209 4334 arboris
1226 4282 1352 4333 trunco‘.

413 4351 431 4420 ³)
451 4351 612 4421 Stephanus
629 4352 658 4405 in
676 4351 809 4405 thesauro
829 4353 905 4404 recte
924 4350 991 4405 dicit
1009 4365 1070 4404 esse
1087 4350 1204 4405 frutices
1215 4350 1308 4404 arbori
1325 4351 1516 4413 aduescentes,
1536 4347 1586 4417 qui

305 4423 369 4476 inde
388 4423 478 4477 avulsi
497 4422 666 4492 plantentur,
694 4423 729 4488 id,
758 4422 834 4493 quod
859 4422 1041 4476 confirmatur
1059 4421 1248 4491 Theophrasti
1272 4421 1364 4475 verbis
1382 4421 1408 4476 h.
1421 4419 1496 4490 plll
1517 4419 1582 4483 1,3:

306 4495 350 4545 δεῖ
364 4491 394 4546 δὲ
412 4494 555 4561 ὖπόρριζον
573 4492 638 4546 εἶναι
655 4493 766 4559 μάλιστά
784 4513 812 4560 γε
824 4492 853 4544 cd
865 4492 1079 4560 παρασπώμινον
1091 4492 1108 4560 ἢ
1120 4493 1297 4559 δπόπρεμνον.
1318 4492 1352 4547 oi.
1366 4492 1400 4545 de
1419 4507 1442 4546 o.
1454 4490 1490 4561 pl.
1503 4490 1550 4555 12,
1556 4489 1582 4544 2.

306 4565 364 4619 Nos
384 4565 512 4620 dicimus:
532 4563 741 4620 Wurzelschoss.

412 4637 432 4706 4)
452 4637 528 4690 Haeo
551 4637 637 4690 verba
661 4651 730 4690 sana
748 4651 809 4690 esse
827 4636 874 4689 vix
900 4634 1068 4690 crediderim.
1106 4635 1290 4688 Postulantur
1317 4633 1386 4687 hacc
1414 4634 1484 4687 iere:
1514 4631 1585 4685 illud

308 4708 383 4778 quod
402 4707 524 4779 pertinet
542 4708 577 4761 ad
596 4707 740 4776 agricolas,
759 4708 775 4761 i.
796 4724 819 4762 e.
840 4723 895 4779 quo
915 4705 955 4761 illi
973 4708 1090 4760 utuntur
1108 4706 1144 4759 ad
1162 4705 1317 4761 serendum.
