3525 5342
755 390 978 455 -43-

228 590 321 631 unum
344 573 427 631 oadIt
457 573 585 631 alicuius
617 573 740 648 pecudis
776 573 946 648 exemplum
973 573 1059 630 velut
1090 572 1184 640 canis,
1218 589 1289 630 nam
1319 572 1395 630 haec
1425 572 1506 631 sicut

228 663 319 720 etiam
343 663 466 720 arbores
491 662 580 720 certIs
603 664 722 720 tantum
745 662 932 737 temporibus
956 663 1045 736 parit,
1078 679 1145 718 cum
1173 662 1262 718 certis
1285 664 1405 719 tantum
1427 664 1505 719 tem-

227 752 350 826 poribus
375 751 534 826 concipiat.

338 840 482 898 Videmus
506 841 597 914 Igitur
618 841 713 898 verba
738 841 791 920 „ut
815 841 895 897 enim
911 884 917 897 .
934 883 964 897 ..
988 835 1110 913 fruges“
1136 839 1319 896 sententiam
1342 838 1503 906 illustrare,

228 946 307 1004 quae
330 930 369 986 ab
401 945 445 998 eo,
483 929 535 1003 qui
558 928 786 1002 Theophrastea
818 931 978 1003 perspecta
1008 929 1150 997 habebat,
1187 930 1242 985 aut
1275 927 1359 985 nullo
1395 928 1505 985 damno

228 1018 350 1075 omnino
375 1017 474 1076 omitti
493 1019 614 1092 poterat
637 1017 751 1075 autito.
773 1018 842 1085 iere,
868 1021 904 1074 ut
926 1017 1082 1092 proposui,
1108 1017 1233 1092 proferri
1249 1017 1386 1074 debebat.
1418 1015 1505 1085 Quod

228 1107 319 1164 etiam
343 1107 382 1164 ab
406 1107 501 1164 altera
532 1108 618 1181 parte
642 1107 845 1164 confirmatur.
892 1106 932 1164 Ut
955 1107 1033 1164 enim
1065 1109 1148 1164 recta
1171 1105 1234 1163 sint
1255 1107 1365 1163 verba:
1405 1106 1505 1179 ,quod

226 1212 349 1270 praegn.
367 1243 373 1257 .
391 1238 422 1253 ..
445 1196 580 1271 potest“,
606 1196 649 1252 sic
672 1195 734 1252 iere
757 1196 941 1269 pergendum
964 1197 1042 1253 erat:
1069 1197 1124 1274 „ut
1146 1195 1224 1252 enim
1247 1194 1389 1252 mulieres
1413 1193 1506 1251 semel

224 1286 346 1342 tantum
384 1285 549 1360 quotannis
588 1285 718 1359 pariunt,
758 1285 804 1341 ita
842 1285 933 1341 etiam
972 1285 1095 1342 arbores
1134 1301 1170 1341 ao
1207 1278 1341 1358 fruges“.
1391 1282 1505 1353 Quodsi

226 1373 375 1431 Reatinus
410 1391 529 1440 novam,
567 1373 680 1447 duplici
715 1374 834 1431 ratione
865 1390 1048 1448 perversam,
1088 1388 1349 1448 supervacaneam
1382 1371 1506 1446 insuper

227 1463 408 1520 seutentiam
431 1462 535 1520 intulit
557 1464 650 1537 atque
672 1462 703 1520 id
726 1464 886 1520 verborum
911 1462 987 1530 loeo,
1021 1479 1108 1537 quae,
1137 1464 1240 1519 utrum
1264 1460 1506 1535 Theophrastum

182 1561 184 1565 “
226 1552 418 1624 perspectum
440 1551 581 1608 habuerit
604 1568 706 1618 necne,
740 1551 898 1608 ostendere
922 1551 1039 1620 debent,
1072 1551 1155 1608 haud
1184 1550 1248 1608 scio
1280 1567 1320 1607 an
1342 1548 1505 1607 verisImile

225 1657 287 1697 non
312 1639 353 1696 sit
376 1657 445 1697 eum
475 1639 578 1698 omnia
608 1640 683 1698 haec
714 1640 814 1714 ipsum
843 1640 1043 1714 excogitasse.
1089 1640 1127 1697 Et
1150 1639 1270 1715 quidem
1305 1641 1442 1714 apparet,
1478 1637 1505 1694 si

227 1729 348 1786 eieceris
371 1730 465 1786 verba
488 1729 566 1786 satis
589 1728 664 1786 vilia
689 1729 791 1806 „quod
815 1746 935 1803 praegn.
960 1773 966 1786 .
991 1772 997 1786 .
1022 1771 1028 1786 .
1053 1724 1186 1803 potest“,
1220 1745 1298 1802 quae
1326 1745 1346 1784 a
1369 1727 1505 1784 Varrone

226 1817 294 1891 ipso
318 1817 425 1875 addita
448 1835 515 1875 esse
545 1818 693 1892 suspicor,
731 1818 951 1876 sententiarum
986 1835 1108 1875 cursum
1138 1835 1200 1874 non
1230 1817 1320 1874 modo
1350 1816 1412 1873 iam
1443 1833 1505 1873 non

226 1906 410 1981 interrumpi,
436 1907 598 1965 sedetiam
613 1907 687 1964 nihil
704 1909 837 1975 obstare,
856 1907 1018 1982 quominus
1035 1907 1137 1964 omnia
1152 1907 1227 1963 haec
1242 1908 1278 1963 ut
1292 1905 1329 1962 de
1345 1905 1504 1962 arboribus

226 1995 329 2052 biteris
353 1994 474 2070 prolata
497 1995 692 2070 accipiamus.
738 1995 772 2052 Id
796 1996 883 2062 enim,
917 1996 999 2070 quod
1030 1996 1067 2053 de
1099 1994 1275 2052 mulieribus
1298 1995 1392 2052 verba
1414 1993 1503 2060 fiunt,

226 2083 300 2141 nihil
323 2083 415 2152 valet,
440 2101 507 2142 oum
531 2085 695 2142 viderimus
719 2084 778 2142 huo
802 2085 832 2142 id
855 2102 919 2142 non
942 2084 1091 2159 quadrare
1113 2102 1169 2141 nec
1191 2100 1254 2140 non
1277 2082 1440 2141 verisimile
1464 2082 1506 2139 sit

225 2173 389 2230 Varronem
413 2174 538 2231 alterius
571 2173 808 2248 eomparatIonis
839 2173 917 2241 loco,
950 2191 1042 2248 quam
1065 2174 1097 2230 in
1119 2173 1204 2230 ionte
1228 2173 1394 2240 invenerat,
1426 2171 1505 2228 hane

226 2261 378 2336 posuisse,
404 2279 494 2336 quam
518 2262 616 2336 magis
640 2264 699 2319 huc
723 2263 871 2337 quadrare
889 2264 1040 2320 censebat.
1087 2263 1153 2333 Qua
1175 2262 1294 2319 ratione
1318 2278 1395 2328 eum,
1425 2277 1504 2334 quae

226 2351 307 2424 apud
339 2354 492 2409 auctorem
523 2351 635 2409 rectius
669 2351 785 2425 scripta
816 2354 917 2426 ertan,
954 2351 1090 2426 opinioni
1121 2368 1197 2408 suae
1227 2350 1395 2424 adaptasse
1426 2348 1506 2406 intra

226 2441 351 2514 saepius
375 2439 553 2498 videbimus.

332 2528 415 2586 Haec
438 2529 530 2603 igitur
551 2531 586 2586 ut
602 2529 773 2603 probabilia
796 2529 867 2594 sint,
894 2528 1033 2596 efficitur,
1059 2531 1095 2586 ut
1108 2528 1204 2585 Varro
1227 2528 1294 2603 ipse
1318 2545 1355 2585 ea
1377 2545 1440 2585 non
1467 2544 1505 2584 ex

225 2617 434 2692 Theophrasto
467 2618 657 2692 expresserit,
690 2619 744 2675 sed
775 2635 812 2676 ex
840 2617 910 2686 alio,
944 2618 997 2693 qui
1018 2618 1152 2676 tortasse
1176 2617 1307 2675 saltem
1331 2634 1367 2674 ac
1391 2616 1443 2673 Th.
1468 2616 1504 2672 de

225 2706 329 2764 biteris
353 2707 530 2781 protulerat.
569 2706 665 2764 Varro
689 2708 830 2767 nimIrum
852 2708 929 2765 haec
953 2708 992 2764 ad
1016 2707 1109 2764 semel
1131 2707 1262 2763 ferentes
1278 2705 1403 2772 rettulit,
1423 2705 1504 2780 quod

226 2795 262 2852 de
284 2794 332 2852 his
356 2795 432 2853 solis
455 2796 483 2854 is
507 2796 663 2869 cogitabit,
689 2797 741 2871 qui
764 2796 966 2870 Theophrasti
987 2797 1081 2853 verba
1103 2813 1165 2853 non
1188 2795 1282 2854 novit.

335 2884 369 2942 V.
387 2884 464 2953 145,
480 2885 511 2942 1:
540 2884 689 2954 ,Primum
712 2884 887 2960 plerumque
911 2903 927 2942 e
951 2888 1031 2943 terra
1053 2885 1116 2942 exit
1138 2885 1283 2941 hordeum
1307 2884 1414 2941 diebus
1438 2881 1502 2950 VH,

225 2990 279 3030 neo
302 2973 397 3031 multo
422 2976 494 3048 post
516 2973 661 3043 triticum;
692 2973 845 3064 legumIna
872 2975 934 3031 fere
959 2973 1127 3049 quadriduo
1151 2974 1361 3048 autquinque
1386 2972 1501 3037 diebus,

225 3065 437 3184 praeterqpam
467 3063 556 3120 laba:
589 3080 626 3120 ea
656 3063 734 3120 enim
766 3063 864 3122 serIus
897 3062 1054 3138 aliquanto
1085 3057 1204 3137 prodit“
1239 3054 1339 3144 [seges
1371 3060 1505 3119 ostendit

225 3143 388 3297 Kellluslili.
405 3240 433 3297 h.
450 3240 488 3315 pl.
506 3240 570 3297 VIII
587 3240 613 3308 l,
627 3241 659 3298 5:
690 3237 854 3319 βλαστάνει
878 3236 914 3299 δὲ
937 3236 972 3299 τὸ
994 3237 1055 3318 μὲν
1078 3237 1203 3308 θᾶττον,
1230 3235 1266 3298 τὸ
1291 3235 1326 3298 δὲ
1348 3233 1502 3317 βραδύτε-

226 3346 296 3406 pom
320 3325 374 3388 καὶ
397 3325 495 3407 κριθὴ
519 3325 579 3406 μὲν
601 3325 655 3388 καὶ
678 3325 781 3407 πυρὸς
805 3324 961 3407 ἑβδομσῖα
984 3325 1117 3405 μάλιστα
1134 3344 1140 3357 ·
1157 3330 1305 3405 προτερεῖ
1317 3323 1352 3386 δὲ
1367 3324 1387 3405 ἡ
1404 3322 1501 3404 κριθὴ

210 3414 212 3420 ’
223 3413 345 3494 μᾶλλον
361 3465 367 3477 .
383 3414 420 3476 τὰ
445 3414 474 3477 δ’
499 3415 613 3496 ὄσπρια
636 3420 796 3497 τεταριαῖα
820 3417 839 3496 ἢ
863 3420 1022 3495 πεμπταῖα
1045 3412 1126 3495 πλὴν
1148 3414 1286 3493 κυάμων
1303 3431 1309 3444 ·
1326 3411 1452 3492 κύαμος
1468 3411 1504 3474 δὲ

226 3503 366 3566 καὶτῶν
389 3503 534 3566 σιτωὸῶν
558 3504 623 3566 ἔνια
646 3504 792 3566 πλείοσιν.
815 3538 860 3548 -
882 3506 983 3563 Verba
998 3506 1075 3564 adeo
1092 3508 1270 3579 congruunt,
1288 3507 1324 3561 ut
1338 3504 1504 3561 Varronem

225 3594 425 3670 Theophrasti
447 3596 617 3653 versionem
640 3596 778 3653 exhibere
800 3595 893 3653 dieas

335 3684 369 3743 V.
386 3681 593 3761 145,2sq.²):
610 3678 622 3765 ΙΙ
640 3686 697 3742 sub
720 3687 802 3741 terra
829 3688 860 3741 et
883 3701 978 3758 supra
1000 3684 1133 3758 vlrgulta
1156 3700 1217 3740 non
1241 3683 1346 3740 eodem
1369 3684 1503 3755 tempore

224 3824 437 3835 —.-——

334 3890 350 3959 ¹)
368 3891 474 3945 Keilius
493 3908 592 3945 comm.
612 3907 638 3962 p.
653 3890 704 3945 105
722 3891 852 3946 Ursinum
870 3893 984 3946 secutus
996 3892 1083 3945 verba
1096 3906 1193 3960 ,seges
1206 3891 1344 3944 ostendit‘
1359 3893 1503 3960 tamquam

225 3961 348 4030 glossam
368 3961 453 4016 deleri
471 3963 539 4017 vult.
577 3961 638 4032 Ego
657 3978 715 4016 non
732 3964 781 4016 ita.
818 3963 913 4017 Inesse
931 3963 1005 4017 enim
1023 3961 1091 4016 mihi
1108 3963 1219 4016 videtur
1236 3961 1387 4031 restIgium
1405 3961 1504 4015 verbo-

225 4049 301 4087 rum:
319 4039 374 4084 τῶν
392 4034 513 4086 orroeos
531 4034 595 4099 ἔνια,
614 4050 732 4104 eamque
751 4035 787 4089 ob
806 4050 864 4088 rem
883 4036 958 4087 certe
980 4038 1091 4103 ,seges“
1112 4050 1170 4087 vox
1182 4036 1227 4087 est
1238 4035 1367 4103 genuma.
1399 4033 1503 4086 Contra

228 4104 380 4168 ,ostendit‘
402 4121 438 4158 ex
456 4105 614 4174 corruptela
631 4108 724 4159 ortum
744 4121 805 4160 esse
822 4106 940 4161 videtur.

331 4177 357 4244 θ),
369 4175 461 4230 Verba
478 4175 621 4246 145,2sq.
644 4177 711 4240 ,sub
728 4178 804 4230 terra
823 4219 871 4232 ...
890 4179 923 4230 ut
947 4177 983 4230 ad
1008 4192 1071 4230 eum
1096 4192 1206 4246 semper
1223 4178 1367 4247 spectent“
1395 4190 1454 4243 cap.
1467 4172 1503 4226 46

224 4245 372 4300 manifeste
390 4246 557 4316 interposita
575 4250 648 4310 sunt,
673 4263 736 4300 cum
753 4246 823 4312 45‚2
840 4248 980 4301 enarratio
999 4251 1211 4317 praeceptorum
1230 4264 1312 4301 usum
1331 4246 1502 4300 cotidianum

224 4318 412 4386 spectantium
438 4319 507 4372 satis
530 4318 650 4372 moleste
674 4318 907 4388 interrumpatur,
933 4333 992 4387 cap.
1010 4319 1045 4372 47
1069 4318 1184 4372 ineunte
1209 4317 1300 4373 denuo
1325 4316 1500 4386 suspriatur.

224 4387 321 4453 Causa,
340 4405 389 4442 cur
407 4388 463 4442 hoo
480 4390 542 4460 ipso
560 4390 623 4444 loco
637 4389 706 4443 haec
719 4389 902 4453 edicerentur,
921 4390 991 4443 haec
1003 4388 1065 4455 fuit,
1082 4389 1158 4460 quod
1170 4389 1244 4459 apud
1258 4392 1403 4443 auctorem
1416 4388 1502 4440 verba

224 4458 258 4512 de
275 4459 414 4515 radicibus
433 4459 560 4529 (tenellis)
580 4477 642 4515 esse
659 4460 737 4514 faeta
755 4460 840 4515 etiam
857 4477 932 4515 nunc
950 4463 1037 4532 patet.
1051 4491 1085 4499 —
1098 4461 1203 4528 Quodsi
1216 4461 1270 4514 hoc
1281 4459 1502 4514 additamentum
1555 4503 1557 4508 .

224 4529 397 4600 inspicimus,
425 4531 551 4586 ridemus
578 4531 632 4586 tria
659 4529 790 4597 exhiberi,
817 4532 923 4586 scilicet
940 4531 1032 4586 verbis
1054 4531 1120 4596 ,sub
1138 4535 1215 4586 terra
1233 4576 1238 4587 .
1254 4573 1259 4585 .
1275 4573 1280 4585 .
1299 4529 1409 4584 facilius
1426 4529 1502 4582 viam

225 4601 288 4655 dat“
316 4603 409 4672 agItur
433 4603 467 4656 de
489 4603 636 4669 radicibus,
661 4603 795 4673 proximIs
813 4617 902 4675 usque
920 4603 956 4657 ad
977 4603 1092 4667 ,dioItur
1109 4602 1212 4660 fuisse“
1234 4603 1268 4656 de
1285 4603 1416 4656 arborum
1435 4617 1502 4671 qua-

224 4674 340 4727 rundam
365 4673 449 4739 ioliis,
473 4673 586 4744 reliquis
611 4674 645 4728 de
669 4673 844 4745 heliotropio.
882 4675 920 4728 ut
938 4674 1049 4745 quidem
1067 4674 1167 4728 ultima
1185 4674 1240 4727 duo
1259 4690 1278 4727 a
1294 4673 1421 4727 Varrone
1439 4673 1501 4741 ipso
