3525 5342
717 415 940 478 *47-

294 598 339 654 Ex
373 597 420 654 his
455 597 531 656 locis
566 597 680 671 primus
715 600 746 654 et
778 597 887 654 tertius
918 598 957 654 ad
988 597 1198 673 quaestionem
1225 600 1362 656 nostram
1392 597 1468 656 nihil

186 687 300 755 valent,
337 703 405 744 cum
444 687 605 761 scriptores
644 687 684 743 ad
718 688 842 743 verbum
872 686 934 743 fere
974 689 1142 759 congmaut
1172 704 1227 744 nec
1258 687 1466 761 Theophrasto

187 775 367 834 nominatim
389 775 515 832 laudato
540 775 702 850 quicquam
726 775 918 843 attribuatur,
944 776 1025 851 quod
1049 792 1109 833 non
1133 776 1253 833 habeat.
1298 774 1401 850 Neque
1425 776 1464 843 id,

188 865 339 923 sisoium
364 866 454 932 esset,
479 881 621 943 magnam
644 865 769 922 haberet
791 864 861 928 vim,
892 864 972 939 quod
996 864 1063 923 loco
1088 865 1220 922 secundo
1244 864 1339 922 Varro
1363 865 1468 922 scribit

188 954 430 1028 Theophrastum
463 953 604 1011 docuisse
636 953 754 1027 palmas
786 955 816 1010 et
846 953 976 1027 squillas
999 953 1101 1011 vivere
1123 970 1185 1011 non
1218 970 1312 1027 posse
1345 953 1405 1010 nisi
1435 953 1467 1010 iu

188 1042 273 1099 mari.
319 1042 404 1112 Quod
428 1041 541 1098 falsum
573 1059 641 1099 esse
663 1041 875 1117 unusquisque
906 1042 1011 1099 statim
1034 1041 1182 1116 intellegit
1204 1045 1236 1100 et
1257 1044 1336 1100 recte
1358 1041 1468 1116 legitur

187 1132 270 1206 apud
294 1131 346 1188 Th.
363 1130 381 1188 l.
398 1129 416 1187 l.
433 1126 452 1209 ξ
469 1131 501 1188 3:
532 1126 569 1189 τὰ
595 1126 706 1190 δὲκαὶ
734 1132 799 1190 τῶν
822 1127 1095 1208 ὁμολογουμένων
1122 1129 1279 1209 χερσαίων
1300 1127 1466 1209 πεφυκότα

186 1215 287 1280 ποτὲ
310 1217 345 1280 έν
366 1222 405 1298 τῇ
428 1216 565 1298 θαλάττῃ
589 1217 690 1298 βιοῦν,
713 1217 841 1297 φοίνικα
865 1216 992 1279 σκίλλαν
1016 1216 1204 1297 ἀνδερικόν;
1234 1223 1336 1277 tamen
1364 1222 1467 1277 autem

187 1309 293 1376 elucet,
328 1326 419 1384 quam
449 1308 556 1366 leviter
587 1308 727 1382 omnique
750 1309 861 1365 iudicio
893 1309 988 1366 misso
1012 1309 1108 1366 Varro
1138 1309 1240 1366 fontes
1264 1308 1465 1383 exscripserit.

186 1399 214 1455 A
238 1397 345 1455 Cassio
376 1397 455 1454 euim
478 1397 624 1472 Dionysio
655 1393 731 1456 ποτὲ
762 1415 829 1455 esse
861 1397 1007 1455 omissum
1030 1414 1092 1454 non
1124 1398 1220 1465 credo,
1258 1398 1338 1473 quod
1362 1397 1398 1466 is,
1434 1397 1466 1463 id

188 1487 269 1562 quod
293 1485 372 1543 infra
392 1486 495 1560 procul
510 1486 602 1543 dubio
620 1486 786 1560 apparebit,
805 1486 1047 1561 Theophrastum
1064 1486 1292 1560 diligentissime
1308 1486 1465 1560 expressit

187 1575 330 1633 Fortasse
354 1577 455 1633 autem
478 1575 653 1649 Diophanes
676 1571 713 1633 τὰ
738 1571 773 1634 δὲ
796 1619 802 1634 .
827 1620 833 1634 .
857 1623 864 1636 .
888 1573 965 1635 ποτέ
988 1576 1140 1633 deleverat
1163 1572 1209 1650 (cf.
1229 1593 1257 1650 p.
1275 1575 1337 1651 62).
1362 1575 1407 1632 ita
1430 1578 1466 1632 ut

188 1665 284 1721 Varro
306 1663 449 1721 facillime
472 1665 503 1721 in
526 1663 606 1721 hunc
629 1681 758 1721 errorem
781 1663 909 1722 incidere
933 1664 1072 1739 potuerit

298 1753 361 1810 lam
392 1753 572 1810 accedamus
605 1753 644 1810 ad
677 1755 817 1828 quartum
847 1754 957 1821 locum,
992 1753 1124 1827 dignum,
1161 1753 1213 1828 qui
1246 1753 1394 1810 uberrime
1430 1770 1467 1810 ac

188 1841 416 1916 diligentissime
438 1843 597 1899 tractetur:

299 1931 394 1988 Varro
419 1927 441 2004 (Ι
459 1931 510 1998 39,
525 1931 544 1988 3
557 1930 623 2007 sq),
661 1933 824 2005 postquam
856 1931 889 1988 in
924 1930 1122 2005 paragraphis
1154 1930 1402 1988 antecedentibus
1434 1931 1466 1987 in

185 2020 362 2078 universum
385 2023 548 2094 praecepta
580 2020 616 2078 de
640 2020 766 2078 serendo
798 2019 931 2094 protulit,
965 2020 1002 2078 de
1033 2019 1180 2078 seminum
1210 2019 1370 2093 generibus
1394 2019 1466 2092 agit.

188 2108 384 2166 Praemittam
408 2108 525 2166 semina
537 2126 574 2165 ea
586 2126 663 2176 esse,
681 2109 913 2183 quibuscunque
936 2126 1035 2166 novae
1058 2109 1182 2183 plantae
1196 2109 1340 2176 oriuntur,
1359 2107 1424 2165 sive
1448 2125 1468 2164 a

189 2200 300 2254 natura
324 2197 389 2255 sive
413 2201 485 2254 arte.
532 2197 663 2266 Quorum
687 2200 831 2272 quattuor
853 2215 965 2271 genera
980 2200 1164 2255 statuuntur.
1186 2224 1190 2231 ·
1209 2196 1350 2271 Legimus
1373 2197 1465 2254 enim:

192 2303 305 2362 ,quare
329 2303 397 2343 cum
427 2286 544 2343 semina
568 2286 630 2343 sint
659 2286 720 2344 fere
744 2288 888 2360 quattuor
910 2303 1051 2360 generum
1073 2278 1171 2369 <quae
1199 2288 1309 2343 natura
1331 2277 1465 2368 dedit>,¹l

189 2393 268 2450 quae
290 2375 555 2432 transferunture
585 2378 666 2433 terra
696 2375 728 2432 in
757 2378 868 2433 terram
899 2376 973 2433 viva
995 2375 1104 2443 radice,
1137 2393 1215 2450 quae
1239 2393 1276 2432 ex
1307 2375 1466 2432 arboribus

188 2465 311 2538 dempta
334 2464 532 2521 demittuntur
553 2464 585 2520 in
601 2465 733 2532 humum,
759 2481 838 2538 quae
853 2464 1028 2522 inseruntur
1050 2481 1087 2521 ex
1103 2464 1262 2522 arboribus
1285 2463 1316 2521 in
1332 2464 1464 2531 arbores,

188 2553 224 2610 de
249 2552 377 2626 singulis
401 2553 573 2621 videndum,
599 2570 676 2627 quae
701 2570 821 2628 quoque
844 2556 978 2628 tempore
1001 2553 1129 2627 locoque
1149 2548 1277 2610 facias“.

298 2642 426 2710 Primus
457 2645 604 2716 quantum
628 2643 701 2702 scio.
735 2642 897 2699 Schneider
919 2642 951 2699 in
973 2642 1189 2700 commentario
1213 2643 1253 2700 ad
1275 2643 1304 2699 h.
1321 2641 1339 2699 l.
1355 2659 1383 2716 p.
1401 2641 1466 2698 340

188 2731 264 2788 haec
287 2732 381 2789 verba
403 2731 520 2789 rettulit
550 2732 588 2788 ad
612 2731 664 2788 Th.
681 2732 709 2788 h.
727 2731 765 2805 pl.
782 2731 808 2788 Π
827 2731 854 2798 1,
871 2731 898 2799 1,
932 2732 1070 2806 idemque
1093 2731 1231 2788 nimirum
1254 2730 1325 2788 fecit
1349 2730 1465 2788 Keilius

189 2818 303 2896 (comm.
329 2838 356 2894 p.
374 2819 434 2896 96).
482 2819 642 2877 Gentillius
674 2821 710 2877 de
745 2820 793 2877 his
817 2821 919 2878 verbis
949 2820 1024 2877 nihil
1055 2819 1175 2895 profert.
1220 2819 1265 2877 illi
1295 2819 1388 2894 igitur
1409 2819 1466 2876 viri

189 2908 270 2966 docti
302 2911 412 2983 putant
434 2909 599 2966 Varronem
629 2909 729 2982 ipsum
761 2927 780 2966 a
808 2909 1018 2984 Theophrasto
1052 2910 1190 2984 pendere,
1223 2925 1321 2983 neque
1357 2925 1466 2983 operae

188 2997 318 3072 pretium
341 3015 401 3055 nou
426 2997 489 3066 erit,
515 2998 572 3054 hoc
594 2998 659 3055 fieri
684 2997 784 3072 possit
798 3016 901 3066 necne,
928 2998 1157 3072 diligentissime
1172 2998 1330 3073 inquirere.
1361 2997 1466 3071 Itaque

188 3087 281 3161 prius,
307 3104 385 3161 quae
401 3086 628 3161 Theophrastus
653 3087 689 3144 de
705 3087 788 3144 hisce
803 3088 894 3145 rebus
919 3088 1036 3154 doceat,
1054 3089 1233 3155 statuemus
1251 3089 1368 3160 postea,
1387 3103 1466 3160 quae

187 3175 265 3232 ratio
289 3175 366 3232 inter
386 3175 476 3232 huius
500 3176 667 3232 doctrinam
691 3178 722 3233 et
735 3176 926 3233 Varroniana
948 3193 1059 3250 genera
1081 3176 1255 3243 intercedat,
1280 3176 1312 3232 in
1336 3175 1465 3248 singulis

187 3264 347 3338 generibus
370 3264 538 3322 tractandis
562 3264 766 3331 ostendemus,
792 3264 968 3338 praesertim
993 3282 1060 3322 cum
1082 3265 1118 3322 de
1141 3265 1199 3321 hac
1222 3281 1253 3320 re
1269 3264 1368 3320 adhuc
1391 3261 1466 3319 nihil

185 3353 248 3410 fere
272 3353 384 3410 dictum
408 3353 456 3410 sit.

300 3441 431 3499 Exstant
454 3441 534 3516 apud
558 3441 799 3516 Theophrastum
822 3441 840 3498 l.
857 3441 875 3499 l.
899 3440 987 3498 haec:
1011 3438 1055 3500 At
1077 3438 1209 3518 γενέσεις
1230 3442 1296 3500 τῶν
1321 3436 1465 3517 δένδρων

188 3526 349 3596 καὶὸλως
379 3531 443 3589 τῶν
473 3531 628 3609 φυτῶνῆ
659 3527 829 3608 αὐτόματοι
851 3529 871 3608 ἢ
896 3525 961 3588 ἀπὸ
992 3528 1172 3608 σπέρματος
1202 3529 1222 3607 ἢ
1246 3525 1310 3588 ἀπὸ
1334 3526 1464 3607 ῥίζηςῆ

189 3614 253 3678 ἀπὸ
283 3615 494 3697 παρασπάδος
525 3619 545 3697 ἢ
577 3615 642 3679 ἀπὸ
672 3616 853 3696 ἀκρεμόνας
883 3618 903 3697 ἢ
935 3615 999 3679 ἀπὸ
1027 3614 1151 3685 κλωνδς
1173 3618 1193 3696 ἢ
1217 3615 1271 3676 ἀπ’
1288 3615 1386 3677 αὐτοῦ
1408 3620 1465 3677 τοῦ

186 3704 353 3786 στελέχους
376 3704 451 3768 εἰσίν
467 3708 486 3787 ἢ
503 3707 545 3768 ἔτι
556 3711 612 3768 τοῦ
631 3704 726 3777 ξύλου
750 3705 984 3774 κατακοπέντας
1006 3706 1049 3774 εἰς
1071 3704 1170 3786 μικρά
1187 3702 1340 3785 ’καὶγὰρ
1364 3704 1466 3773 οὕτως

189 3795 255 3856 ἔνια
279 3793 398 3875 φύεται.
445 3797 627 3854 statuuntur
650 3797 742 3871 igitur
762 3800 830 3855 octo
854 3814 972 3871 genera.
1011 3797 1087 3854 Tum
1110 3797 1218 3873 pergit:
1241 3793 1363 3856 τούτων
1387 3792 1464 3874 δὲὴ

187 3881 247 3963 μέν
271 3882 449 3963 αὐτόματος
471 3884 581 3964 πρώτη
606 3906 657 3964 τις,
681 3884 716 3945 αἱ
730 3882 765 3945 δὲ
788 3882 851 3946 ἀπὸ
875 3883 1055 3964 σπέρματος
1070 3882 1124 3944 καλ
1139 3883 1228 3964 ῥίζης
1251 3882 1466 3963 φυσικώταται

189 3970 314 4043 δόξαιεν
337 3972 383 4034 ἅν.
430 3971 539 4053 ὥσπερ
563 3971 623 4053 γὰρ
656 3971 826 4053 αὐτόματοι
849 3971 903 4034 καί
930 3973 1028 4037 αὐταί.
1075 3970 1115 4034 δι’
1142 3973 1160 4033 ὃ
1183 3971 1323 4040 καὶτοῖς
1346 3971 1466 4052 ἀγρίοις

187 4199 290 4254 haere
310 4200 453 4254 efficitur?
484 4199 720 4255 Verisimillimum
749 4199 818 4254 mihi
844 4201 955 4254 videtur
972 4200 1090 4254 Varroni
1117 4200 1145 4253 id
1171 4200 1312 4264 accidisse,
1341 4202 1373 4253 ut
1390 4199 1465 4269 apud

189 4273 333 4325 auctorem
352 4271 539 4340 Theophrasti
558 4273 669 4342 quidem
685 4287 788 4325 nomeu
808 4271 922 4341 legeret,
941 4271 991 4325 sed
1008 4271 1136 4337 nesciret,
1161 4288 1233 4342 quae
1252 4271 1277 4325 ei
1295 4273 1405 4340 praeter
1423 4286 1464 4332 ea,

184 4342 223 4395 ,de
242 4341 343 4412 quibus
361 4342 481 4397 dubitari
499 4359 556 4396 non
575 4345 676 4412 potest,
697 4345 791 4397 esseut
808 4343 997 4398 adscribenda.
1035 4342 1142 4408 Quare
1160 4343 1267 4396 factum
1286 4344 1338 4405 est,
1361 4343 1395 4395 ut
1410 4339 1465 4393 illis

189 4412 257 4467 locis
282 4418 476 4483 excerptorum
501 4417 594 4484 partes
617 4415 736 4479 tantum,
764 4414 813 4468 sed
838 4429 886 4467 eas
904 4413 1032 4482 religiose
1056 4415 1142 4484 atque
1168 4415 1251 4467 anxie
1268 4414 1327 4467 fere
1345 4410 1381 4465 ad
1400 4411 1465 4464 Tre·

184 4484 261 4538 sium
279 4485 402 4539 referret.
441 4484 495 4538 Cur
519 4485 547 4538 in
566 4483 673 4539 Catone
697 4488 756 4539 tam
782 4485 959 4555 perspicuum
986 4485 1030 4549 sit,
1059 4501 1131 4554 quae
1158 4501 1194 4539 ex
1221 4499 1254 4538 eo
1282 4482 1463 4544 manaverint,

189 4571 327 4625 exponere
345 4571 402 4608 non
422 4559 541 4624 oportet.

297 4626 314 4690 ¹l
334 4626 380 4680 Sic
398 4625 504 4682 Keilius
532 4627 574 4694 (cf.
595 4642 693 4682 comm.
713 4643 739 4696 p.
752 4626 804 4751 95).
840 4626 872 4680 In
895 4626 974 4682 codd.
999 4625 1117 4696 primum
1140 4641 1230 4695 genus
1255 4623 1388 4678 omissum
1412 4625 1463 4676 est.

187 4695 249 4765 Ego
268 4698 364 4767 potius
382 4697 501 4752 scribam
522 4697 725 4768 ,primigenia“.
762 4714 778 4751 o
792 4743 797 4754 .
810 4698 843 4753 V.
856 4698 869 4751 I
881 4697 925 4764 40,
937 4697 963 4753 2.
