3525 5342
788 431 1012 496 „54-

259 617 402 693 γνμνοῦν
424 610 481 693 τὴν
502 610 634 692 μήτραν.
681 613 754 671 Cum
777 631 838 671 non
861 614 907 671 ita
929 613 1120 688 perspicuum
1143 613 1186 670 sit
1207 613 1282 671 haec
1304 614 1335 670 in
1359 615 1417 672 hoc
1440 615 1537 673 Theo-

259 703 375 778 phrasti
399 703 497 777 capite
520 704 584 760 tam
607 704 682 760 bene
706 720 774 760 esse
798 702 957 776 disposita,
982 703 1167 769 sentimas,
1192 719 1231 760 ne
1254 703 1326 778 quis
1349 706 1439 778 neget
1458 722 1535 773 eum,

259 793 310 866 qui
327 793 566 866 Theophrastum
590 791 759 865 exscripsit,
784 791 881 849 fuisse
897 809 958 849 non
974 792 1075 848 minus
1091 790 1262 865 diligentem
1279 809 1371 867 quam
1387 810 1538 867 sagacem.

259 881 313 938 011
337 881 379 938 rei
402 879 565 938 manifesta
588 880 734 937 Varronis
758 880 1076 954 neglegentiamirum
1099 881 1131 937 in
1154 880 1275 937 modum
1299 885 1455 956 repugnat.

222 1046 223 1050 Ἰ
364 970 428 1027 Iam
451 969 482 1026 in
506 969 628 1043 singula
650 968 846 1043 inquiramus.
885 968 1000 1027 Verba:
1027 986 1107 1038 ¹‚non
1123 969 1202 1026 enim
1216 970 1313 1043 pirum
1329 971 1434 1044 recipit
1449 988 1537 1046 quer-

259 1075 312 1116 cus
345 1076 442 1133 neque
474 1058 552 1115 enim
584 1058 611 1115 si
641 1057 740 1115 malus
764 1054 892 1132 pirum“,
926 1058 983 1116 etsi
1007 1059 1046 1114 ad
1069 1060 1194 1115 verbum
1217 1058 1299 1132 apud
1323 1059 1375 1116 Th.
1399 1077 1461 1117 non
1484 1078 1536 1117 ex·

259 1150 351 1215 stant,
383 1150 486 1205 tamen
516 1146 605 1203 facile
636 1146 737 1220 colligi
768 1149 932 1221 potuerunt
962 1151 993 1204 et
1023 1164 1061 1204 ex
1090 1147 1200 1215 verbis,
1234 1165 1312 1222 quae
1342 1148 1374 1204 in
1401 1149 1538 1222 proxima

258 1237 371 1311 pagina
397 1229 566 1316 11139140
591 1235 750 1309 exscripsi,
786 1239 816 1293 et
847 1253 885 1294 ex
915 1236 964 1293 his
996 1254 1019 1293 c.
1037 1235 1194 1311 pl.16‚4:
1227 1233 1267 1295 δι’
1292 1234 1310 1294 ὃ
1341 1233 1395 1296 καὶ
1426 1235 1470 1304 εἷς
1498 1234 1536 1296 τὰ

257 1321 461 1403 παραπλήσια
492 1321 587 1403 φύσει
618 1321 671 1383 καὶ
694 1320 797 1402 ἡλικίᾳ
820 1320 983 1391 κάλλωτος
1006 1322 1025 1384 ὁ
1049 1321 1319 1403 ἐνοφθαλμισμός.
1365 1326 1480 1385 Keilius
1504 1328 1535 1384 in

259 1413 473 1472 commentario
499 1413 538 1470 ad
561 1412 589 1470 h.
607 1414 624 1470 l.
649 1432 677 1489 p.
695 1413 737 1471 98
768 1413 804 1471 de
828 1414 977 1472 brevitate
1001 1414 1118 1472 dicendi
1140 1416 1220 1471 recte
1244 1414 1385 1473 adnotat:
1419 1433 1537 1494 „neque

259 1503 338 1560 enim
362 1502 388 1559 11
411 1501 511 1559 malus
534 1497 651 1576 pirum“
677 1503 706 1559 h.
723 1520 747 1561 e.
767 1520 883 1582 „neque
907 1503 985 1560 emm
1010 1503 1037 1560 si
1060 1504 1159 1561 malus
1183 1503 1279 1577 pirum
1300 1504 1413 1578 recipit,
1439 1504 1536 1579 pirum

258 1591 365 1666 recipit
388 1585 548 1665 quercus“.

365 1679 521 1737 Proxima:
548 1680 625 1760 „hoc
649 1683 792 1738 secuntur
815 1681 911 1748 multi,
937 1681 989 1755 qui
1012 1681 1190 1755 haruspices
1214 1680 1351 1749 audiunt,
1385 1700 1405 1739 a
1427 1682 1538 1756 quibus

258 1769 409 1844 proditum
440 1769 471 1825 in
502 1768 631 1842 singulis
664 1770 823 1827 arboribus
856 1772 931 1845 quot
960 1787 1071 1844 genera
1100 1771 1194 1827 insita
1217 1771 1288 1838 sint,
1321 1788 1383 1827 uno
1406 1771 1467 1828 ictu
1490 1773 1538 1828 tot

257 1859 386 1916 fulmina
415 1857 482 1914 fieri
511 1857 588 1925 illut,
622 1858 703 1933 quod
732 1858 846 1916 fulmen
878 1853 1047 1933 concepit“,
1079 1859 1110 1915 in
1134 1860 1296 1931 genuinum
1321 1860 1538 1917 sententiarum

259 1965 406 2006 conexum
428 1947 560 2004 fortasse
584 1964 603 2003 a
626 1947 760 2004 Varrone
784 1948 851 2021 ipso
875 1949 948 2004 sunt
970 1947 1159 2021 interposita.
1197 1948 1278 2005 Idem
1300 1947 1362 2005 fere
1385 1949 1538 2006 invenitur

259 2038 340 2112 apud
363 2036 494 2094 Plinium
517 2053 545 2092 n.
561 2036 590 2092 h.
606 2035 661 2092 XV
675 2036 729 2098 57:
764 2053 880 2115 „neque
913 2037 1015 2094 omnia
1037 2037 1132 2094 insita
1154 2037 1272 2094 misceri
1295 2037 1344 2095 fas
1368 2039 1424 2105 est,
1458 2038 1538 2094 sicut

258 2144 313 2184 nec
345 2126 450 2200 spinas
483 2124 584 2189 inseri,
619 2126 741 2200 quando
765 2126 887 2200 fulgura
910 2126 1025 2199 expiari
1048 2143 1109 2182 non
1133 2128 1249 2200 queunt
1270 2126 1368 2183 facile.
1403 2129 1537 2200 quotque

257 2233 369 2290 genera
391 2214 484 2271 insita
507 2213 628 2281 fuerint,
654 2215 702 2271 tot
724 2214 845 2289 fulgura
868 2231 930 2271 uno
954 2215 1018 2272 ictu
1040 2214 1106 2271 fieri
1129 2214 1372 2288 pronuntiatur“.

365 2303 505 2360 Paullum
522 2302 725 2376 discrepantia
741 2322 761 2360 a
776 2303 978 2377 Theophrasti
998 2303 1136 2361 doctrina
1148 2304 1340 2378 proferuntur
1354 2304 1470 2364 verbis:
1490 2303 1538 2373 „si

257 2394 289 2450 in
312 2393 410 2467 pirum
445 2390 617 2449 silvaticam
650 2391 812 2450 inserueris
843 2392 941 2466 pirum
976 2392 1117 2468 quamvis
1148 2394 1267 2460 bonam,
1302 2410 1363 2450 non
1385 2393 1449 2450 fore
1473 2395 1536 2449 tam

258 2482 429 2540 iucundam.
463 2498 554 2554 quam
586 2480 665 2537 siin
690 2498 766 2549 eam,
792 2499 870 2555 quae
895 2480 1044 2539 silvestris
1067 2498 1129 2539 non
1153 2482 1224 2539 sit“.
1270 2481 1323 2538 1111
1348 2481 1425 2538 enim
1450 2482 1539 2539 docet

259 2571 412 2646 epila,
431 2569 486 2630 1οε
518 2565 651 2647 εὔλογον
682 2566 717 2629 δὲ
744 2567 798 2629 καὶ
820 2566 1092 2648 καλλικαρπότερα
1115 2573 1210 2629 ταῦτα
1235 2567 1375 2647 γίνεσθαι
1397 2567 1452 2630 καὶ
1472 2567 1536 2649 μά-

257 2657 342 2719 λιστα
374 2656 429 2719 ἐὰν
459 2654 496 2717 τὰ
527 2657 631 2736 ἥμερα
661 2656 706 2725 εἰς
734 2655 772 2717 τὰ
804 2656 897 2738 ἄγρια
927 2656 1050 2737 τιθῆται
1071 2661 1137 2718 τῶν
1160 2661 1279 2738 φυτῶν.
1302 2657 1452 2737 εὐτροφία
1476 2654 1537 2738 γὰρ

259 2746 422 2827 συμβαίνει
451 2743 569 2808 πλείων
601 2743 652 2806 διὰ
675 2743 732 2826 τὴν
755 2744 844 2826 ἰσχὺν
866 2750 932 2807 τῶν
955 2745 1176 2826 ὑποκειμένων
1199 2744 1262 2807 κτλ.
1293 2746 1360 2808 ἐπεὶ
1386 2747 1419 2807 εἴ
1436 2745 1472 2826 γε’
1493 2769 1539 2814 τις

259 2834 413 2898 ἀνάπαλιν
435 2833 469 2896 τὸ
493 2834 603 2914 ἄγριον
626 2834 669 2902 εἰς
689 2832 726 2896 τὸ
749 2835 870 2915 ἥμερον
894 2833 1052 2916 ἐμβάλλοι,
1069 2833 1227 2915 διαφορὰν
1249 2835 1309 2916 μέν
1324 2857 1391 2896 τινα
1406 2835 1538 2915 ποιήσει,

257 2923 294 2986 τὸ
319 2923 353 2986 δὲ
376 2922 599 3003 καλλικαρπεῖν
624 2922 684 3004 οὐχ
707 2923 775 2995 ἔξει.
813 2927 910 2984 Varro
933 2927 1026 3000 igitur
1048 2926 1175 3000 opponit
1198 2926 1335 2985 insitioni
1355 2926 1387 2982 in
1403 2927 1539 2983 arborem

258 3017 353 3073 feram
387 3014 561 3072 insitionem
595 3014 626 3071 in
661 3018 860 3083 mansuetam,
897 3018 932 3072 11
961 3016 1007 3073 ita
1037 3016 1144 3083 dicam,
1177 3015 1405 3090 Theophrastus
1434 3018 1539 3072 contra

258 3105 432 3163 insitionem
463 3106 642 3160 mansuetae
672 3104 704 3160 in
734 3104 829 3161 feram
860 3104 998 3161 insitioni
1027 3104 1109 3161 ferae
1140 3105 1172 3161 in
1202 3104 1293 3160 illam.
1339 3105 1415 3162 Tum
1442 3104 1537 3161 Varro

259 3197 363 3269 aperte
387 3193 461 3251 dicit
482 3193 580 3267 pirum
603 3194 634 3250 in
658 3211 733 3262 eam,
760 3211 837 3268 quae
862 3193 1012 3250 silvestris
1036 3211 1097 3250 non
1122 3194 1171 3261 sit,
1189 3194 1314 3250 insitam
1330 3193 1537 3250 iucundiorem

258 3285 325 3342 fieri
360 3300 450 3358 quam
485 3300 562 3350 eam,
599 3299 677 3356 quae
711 3283 743 3340 in
778 3282 948 3340 silvestrem
978 3283 1074 3340 insita
1101 3283 1149 3350 111,
1184 3283 1412 3356 Theophrastus
1436 3284 1536 3339 autem

259 3373 348 3430 docet
377 3371 613 3430 iucundissimos
644 3372 761 3429 fructus
784 3372 859 3440 fieri,
894 3372 921 3429 si
944 3374 1122 3429 mansuetae
1146 3372 1269 3429 arbores
1297 3371 1329 3427 in
1351 3371 1432 3428 feras
1455 3371 1540 3427 inse-

259 3464 371 3519 rantur.
417 3462 462 3518 Ex
491 3457 624 3540 μάλιστα
655 3461 794 3536 sequitur
823 3461 881 3518 hoc
913 3462 1012 3518 minus
1035 3461 1110 3528 fieri,
1136 3461 1162 3517 si
1185 3462 1377 3517 mansuetam
1401 3461 1538 3518 arborem

259 3551 290 3608 in
313 3553 503 3607 mansuetam
527 3551 654 3621 inseras,

367 3639 522 3696 Sententia
545 3637 699 3713 proxima:
727 3639 776 3708 „in
800 3655 1011 3713 quamcunque
1035 3641 1171 3696 arborem
1193 3638 1321 3705 inseras,
1348 3637 1375 3694 si
1403 3637 1537 3694 eiusdem

259 3728 376 3801 generis
408 3732 463 3796 est,
497 3729 658 3785 dumtaxat
688 3730 723 3784 ut
746 3727 787 3784 sit
809 3730 939 3803 utraque
962 3726 1070 3795 malus,
1095 3728 1140 3784 ita
1162 3727 1293 3784 inserere
1318 3728 1438 3800 oportet
1459 3726 1537 3783 refe·

259 3819 373 3874 rentem
398 3816 436 3873 ad
459 3816 598 3884 fructum,
624 3815 745 3872 meliore
769 3833 875 3890 genere
899 3819 934 3873 ut
957 3817 999 3873 111
1018 3816 1168 3882 surculus,
1187 3833 1279 3890 quam
1295 3817 1343 3872 est
1359 3832 1418 3890 quo
1434 3815 1539 3872 veniat

260 3900 379 3972 arbor“,
406 3922 552 3980 expressa
575 3906 623 3962 est
646 3904 711 3962 sine
734 3905 826 3962 dubio
851 3922 888 3962 ex
912 3922 935 3962 c.
953 3905 991 3979 pl.
1008 3904 1020 3961 l
1037 3905 1065 3971 6,
1083 3904 1123 3962 10
1147 3902 1194 3978 (cf.
1212 3921 1305 3978 supra
1319 3922 1365 3961 vs,
1382 3902 1443 3980 23).
1476 3903 1537 3961 Res

259 3993 331 4050 mali
355 3993 491 4068 exemplo
516 3996 564 4050 est
586 3993 749 4055 illustrata,
780 3994 861 4067 quod
886 4013 905 4051 a
929 3993 1035 4051 Cassio
1059 3993 1207 4068 Dionysio
1231 4011 1300 4050 esse
1322 3993 1437 4050 factum
1460 3993 1539 4049 infra

259 4082 396 4158 pluribus
420 4082 655 4141 confirmbitur.

366 4171 429 4228 lam
453 4171 661 4245 aggrediamur
685 4172 724 4228 ad
746 4173 840 4229 verba
867 4173 934 4242 ,111
956 4171 1053 4228 altera
1076 4171 1192 4245 species
1216 4188 1253 4227 ex
1276 4171 1382 4228 arbore
1402 4171 1433 4227 in
1450 4171 1539 4227 arbo-

259 4278 321 4317 rem
352 4260 502 4318 inscrendi
532 4277 629 4334 nuper
660 4260 875 4318 animadversa
904 4259 936 4317 in
960 4260 1118 4318 arboribus
1142 4259 1328 4334 propinquis.
1361 4277 1398 4316 ex
1421 4260 1536 4327 arbore,

260 4344 327 4424 qua'
343 4349 411 4408 vult
432 4349 544 4407 habere
568 4349 730 4417 surculum,
763 4349 794 4405 in
818 4367 894 4417 eam,
928 4366 1018 4423 quam
1048 4349 1178 4406 inserere
1201 4348 1276 4416 vult,
1302 4348 1451 4405 ramulum
1474 4351 1538 4404 tra—

260 4439 344 4496 ducit
378 4440 409 4496 et
442 4439 473 4494 in
509 4438 574 4494 eius
609 4455 694 4495 ramo
725 4438 862 4512 praeciso
896 4455 932 4494 11
956 4437 1076 4495 diffisso
1100 4436 1245 4514 implicat,
1271 4454 1340 4494 eum
1362 4437 1462 4494 locum
1486 4437 1539 4510 qui

260 4528 416 4602 contingit,
443 4544 480 4584 ex
503 4530 631 4601 utraque
655 4529 741 4601 parte
765 4526 845 4601 quod
869 4525 948 4583 intro
972 4530 1020 4585 est
1041 4526 1120 4584 falce
1144 4528 1349 4593 extenuatum,
1375 4526 1419 4584 ita
1442 4529 1477 4582 ut
1500 4543 1538 4582 ex

260 4633 322 4674 una
353 4615 432 4691 parti
464 4617 545 4691 quod
577 4616 693 4673 caelum
715 4616 852 4673 visurum
876 4618 934 4685 est,
948 4615 1089 4673 corticem
1112 4632 1180 4672 cum
1203 4615 1313 4672 cortice
1336 4617 1540 4690 exaequatum

259 4705 379 4764 habeat.
412 4705 477 4764 eius
501 4705 618 4773 ramuli,
644 4721 733 4778 quem
755 4705 877 4773 inseret,
903 4721 1047 4762 cacumen
1071 4706 1106 4760 ut
1121 4704 1271 4760 derectum
1295 4704 1334 4760 sit
1359 4704 1398 4760 ad
1422 4702 1540 4760 caelum
