3525 5342
831 420 1053 485 ..38-

307 601 460 679 firmarall
505 603 586 660 Nihil
616 603 707 678 igitur
737 606 793 672 est,
826 621 879 660 cur
909 620 1053 678 negemus
1083 604 1150 661 fieri
1180 604 1328 678 potuisse,
1360 610 1396 661 ut
1418 604 1586 662 Archelaus

308 693 399 750 etiam
421 693 500 750 hanc
530 710 591 750 rem
615 693 745 750 indidem
769 696 908 760 sumeret,
941 693 1021 750 unde
1043 693 1222 751 Aristoteles
1250 693 1362 750 hausIt
1409 693 1494 763 Quod
1518 696 1586 751 utro

307 781 397 839 modo
422 799 455 839 se
486 781 607 848 habeat,
642 781 725 838 haud
757 781 821 838 scio
853 798 893 838 an
925 781 1085 839 diiudicari
1116 785 1232 857 posset,
1262 782 1290 838 ei
1321 781 1422 855 plures
1445 781 1587 840 Archelai

307 870 366 928 loci
397 887 465 928 cum
496 869 640 944 Stagirita
670 872 876 943 congruerent.
923 870 982 928 Sed
1012 871 1070 929 hoc
1101 888 1162 929 non
1192 869 1237 930 iit.
1281 869 1387 945 Neque
1418 871 1496 928 enlm
1525 888 1584 938 res,

307 976 385 1034 quae
420 961 458 1017 ab
493 958 641 1016 Archelao
676 957 736 1016 illis
771 959 891 1016 duobus
926 959 1152 1034 epigrammatis
1186 961 1361 1027 narrantur,
1406 975 1503 1035 neque
1537 977 1583 1025 ea,

307 1065 398 1123 quam
421 1048 556 1106 Varrone
578 1048 657 1105 teste
682 1045 845 1122 (11112,4)
877 1048 914 1105 de
944 1049 1099 1123 leporibus
1130 1047 1270 1123 prodidit,
1306 1065 1404 1123 neque
1427 1048 1467 1116 id,
1504 1049 1586 1123 quod

306 1137 404 1194 Plinio
428 1139 508 1194 teste
533 1133 570 1210 (n.
586 1135 615 1195 h.
631 1135 699 1192 VIII
713 1134 786 1212 202)
805 1132 941 1216 „Varro“
967 1137 994 1194 Il
1012 1138 1040 1205 3,
1056 1136 1089 1194 5:
1116 1153 1301 1217 „numquam
1325 1137 1405 1194 emm
1428 1137 1494 1195 sine
1509 1137 1586 1195 febri

307 1229 380 1284 sunt
403 1220 612 1301 1111111111ι
639 1224 769 1282 indidem
793 1228 871 1283 certe
897 1225 1010 1294 hausit,
1036 1226 1117 1300 apud
1134 1225 1326 1284 Aristotelem
1350 1225 1423 1282 mihi
1447 1226 1584 1283 occurrit

306 1315 391 1372 Unde
415 1332 431 1371 e
456 1314 607 1371 contrario
631 1315 760 1388 apparet
774 1313 954 1372 Archelaum
970 1315 1141 1372 simillimas
1164 1332 1212 1372 res
1236 1315 1358 1372 aliunde
1374 1315 1529 1390 petivisse.
1542 1347 1584 1355 -

307 1404 390 1474 Quae
414 1419 481 1460 cum
509 1402 554 1459 ita
586 1402 657 1466 sint,
694 1420 808 1476 negans
843 1420 898 1479 pro
931 1406 1013 1461 certo
1044 1404 1116 1478 poni
1146 1403 1235 1461 licere
1266 1403 1327 1461 Illis
1358 1404 1478 1461 duobus
1508 1403 1584 1461 locis

306 1492 498 1549 Aristotelem
522 1493 560 1549 ab
583 1490 730 1549 Archelao
755 1509 824 1549 esse
847 1509 1034 1566 expressum,
1066 1493 1127 1549 iam
1149 1495 1273 1550 transeo
1297 1493 1336 1549 ad
1363 1493 1583 1567 inquirendum,

307 1598 378 1638 num
401 1582 520 1655 praeter
549 1580 634 1638 locos
657 1580 804 1638 Archelao
835 1582 874 1638 ab
905 1583 974 1655 ipso
997 1581 1133 1639 Varrone
1156 1582 1327 1656 adscriptos
1359 1581 1449 1639 etiam
1483 1581 1584 1657 plures

307 1669 334 1726 ei
358 1669 541 1726 attribuendi
565 1669 634 1726 sint.
682 1668 776 1727 Gerte.
823 1669 942 1727 Similia
966 1670 1098 1745 quinque
1124 1671 1289 1745 paradoxa,
1314 1673 1349 1727 ut
1371 1687 1446 1728 voce
1470 1671 1586 1727 Graeca

307 1761 384 1826 utar,
422 1757 528 1832 collegi
560 1776 587 1833 p.
616 1758 664 1824 17,
697 1775 753 1815 nec
782 1758 909 1816 fortuito
940 1758 1056 1816 factum
1086 1777 1154 1817 esse
1184 1761 1296 1833 potest,
1328 1759 1410 1834 quod
1440 1759 1519 1816 inter
1548 1776 1585 1816 ea

307 1849 380 1904 sunt
403 1847 472 1916 duo,
499 1864 577 1921 quae
601 1849 681 1904 certe
696 1847 844 1905 Archelao
869 1847 1023 1905 vindicare
1038 1849 1115 1906 licet.
1150 1848 1212 1905 Nec
1235 1866 1297 1906 non
1311 1848 1384 1905 item
1407 1848 1585 1923 paradoxon

306 1952 431 2010 prorsus
455 1936 590 1993 eiusdem
614 1935 731 2008 generis
756 1935 850 2005 dicae,
885 1937 967 2011 quod
990 1937 1100 2011 legitur
1121 1937 1246 2004 111,19
1271 1934 1309 2012 (p.
1327 1935 1379 2013 24)
1403 1940 1434 1994 et
1455 1936 1583 2003 115,13

306 2028 342 2099 (p.
361 2025 422 2102 24),
460 2025 547 2082 euius
582 2024 695 2082 simiIia
727 2026 800 2083 sunt
827 2027 922 2083 verba
944 2025 1074 2093 115,14
1098 2024 1136 2101 (p.
1154 2025 1216 2104 34),
1250 2029 1281 2084 et
1303 2025 1329 2083 II
1346 2025 1409 2095 7,9
1435 2023 1482 2100 (ct.
1505 2025 1539 2082 A.
1556 2026 1583 2082 h.

306 2132 332 2172 a
351 2114 451 2181 63011,
479 2113 520 2171 32
533 2131 577 2189 sq.
624 2113 699 2172 Plin.
723 2131 750 2172 n.
767 2115 794 2171 h.
811 2113 1088 2191 11111154-158).
1133 2114 1226 2172 Plura
1241 2115 1281 2172 ad
1296 2113 1476 2172 Archelaum
1491 2114 1584 2171 redire

306 2221 367 2260 non
390 2203 540 2270 videntur,
577 2219 644 2260 cum
677 2202 704 2259 is
736 2203 816 2260 sieut
838 2202 1112 2279 Pseudo-Orpheus
1143 2207 1262 2279 praeter
1285 2203 1429 2261 animalia
1451 2203 1584 2261 fortasse

306 2309 366 2349 non
391 2291 485 2364 egerIt
507 2291 567 2348 nisi
589 2292 626 2348 de
642 2292 755 2367 plantis
782 2292 948 2371 „singulari
965 2293 1097 2368 quadam
1116 2295 1270 2367 potestate
1285 2292 1335 2349 vel
1350 2292 1390 2349 ad
1406 2292 1584 2350 medendum

306 2380 355 2439 vel
379 2380 418 2438 ad
433 2380 602 2438 nocendum
618 2376 822 2458 praeditis“,²)
846 2381 924 2439 talia
938 2400 1010 2440 vero
1027 2382 1108 2457 apud
1124 2382 1289 2439 Varronem
1309 2399 1370 2438 non
1386 2381 1584 2456 proferantur.

417 2517 488 2602 §Aa
532 2521 639 2596 Itaque
662 2522 723 2579 iam
746 2540 804 2580 nos
828 2525 1042 2580 convertamus
1066 2523 1105 2579 ad
1128 2539 1270 2596 magnum
1293 2522 1468 2580 Aristotelis
1492 2522 1583 2579 disci-

306 2610 419 2685 pulum,
452 2610 694 2685 Theophrastum
725 2611 842 2668 scilicet
864 2611 1008 2668 Eresium.
1056 2611 1148 2669 Cuius
1183 2628 1221 2668 ex
1252 2612 1394 2685 operibus
1425 2611 1514 2668 nobis
1536 2628 1585 2668 res

307 2702 355 2757 est
391 2717 458 2757 cum
496 2700 660 2779 „historiae
695 2700 869 2774 plantarum
892 2700 977 2758 libris
1012 2697 1071 2757 IX“
1109 2703 1140 2757 et
1176 2701 1232 2780 „de
1271 2701 1375 2758 causis
1413 2700 1585 2774 plantarum

306 2789 390 2846 libris
413 2783 484 2847 V1“.
531 2789 616 2846 Siout
638 2789 670 2846 in
685 2789 857 2857 Aristotele,
882 2789 914 2846 11
937 2789 995 2847 hoc
1016 2806 1137 2864 quoque
1161 2806 1239 2864 opus
1263 2792 1311 2846 est
1332 2789 1418 2847 locos
1442 2789 1581 2862 digerere,

307 2877 481 2952 etquidem
512 2878 620 2935 iterum
651 2879 711 2935 tria
738 2895 849 2952 genera
881 2879 1047 2936 statuenda
1069 2881 1151 2936 sunt.
1196 2877 1328 2935 Primum
1363 2877 1497 2934 continet
1531 2894 1584 2934 eos

306 2967 401 3035 locos,
427 2967 538 3042 quibus
561 2966 656 3024 Varro
681 2985 701 3024 a
723 2967 934 3040 Theophrasto
965 2968 997 3024 in
1028 2967 1141 3024 eisdem
1171 2968 1262 3024 rebus
1290 2967 1451 3040 discrepat,
1483 2966 1529 3022 ita
1551 2967 1585 3022 ut

306 3056 355 3113 hic
384 3059 491 3112 auctor
522 3073 590 3113 esse
621 3073 815 3131 nequaquam
843 3056 956 3129 possit,
992 3056 1158 3114 secundum
1189 3072 1250 3123 eoa,
1284 3056 1320 3112 de
1352 3055 1463 3130 quibus
1487 3054 1584 3127 magis

306 3145 444 3202 miuusve
468 3145 589 3202 dubites
613 3148 772 3219 propterea
794 3145 934 3213 maxime,
964 3145 1046 3220 quod
1070 3145 1150 3202 sicut
1172 3145 1351 3201 Aristoteles
1375 3143 1467 3201 etiam
1489 3142 1585 3200 Theo-

306 3234 451 3309 phrastus
474 3233 624 3290 interdum
648 3233 824 3291 auctoribus
850 3233 1031 3308 quibusdam
1055 3233 1161 3307 procul
1185 3233 1275 3290 dubio
1299 3251 1376 3290 usus
1400 3235 1456 3305 est,
1484 3233 1529 3289 ita
1550 3235 1586 3288 ut

307 3325 405 3380 certas
430 3324 469 3380 ob
493 3340 541 3379 res
566 3322 602 3379 de
620 3322 770 3379 communi
793 3322 878 3380 fonte
903 3323 1036 3395 cogitare
1052 3323 1100 3379 hie
1123 3321 1184 3379 illic
1199 3322 1301 3390 liceat;
1324 3322 1447 3379 tertium
1463 3323 1585 3378 constat

307 3412 360 3480 eis,
386 3412 498 3486 quibus
515 3410 744 3484 Theophrastus
761 3414 840 3469 certe
857 3413 905 3468 est
921 3411 1099 3485 exscriptus.
1127 3410 1193 3468 Hac
1208 3411 1301 3484 Igitur
1315 3411 1347 3468 in
1369 3428 1402 3468 re
1425 3411 1583 3468 discrimen

307 3503 410 3558 exstat
441 3499 605 3557 maximum
629 3499 706 3557 inter
736 3500 931 3558 Aristotelem
962 3504 993 3558 et
1015 3500 1264 3573 Theophrastum,
1302 3500 1393 3575 quod,
1429 3499 1502 3574 quin
1536 3499 1584 3556 hic

307 3589 437 3663 amplius
462 3588 503 3645 sit
525 3605 697 3663 expressus,
723 3589 856 3646 dubitari
879 3606 941 3646 uon
963 3592 1074 3664 potest.

417 3677 516 3734 Primo
540 3676 628 3751 prImi
658 3677 775 3751 generis
807 3677 875 3736 loco
907 3677 1006 3751 agitur
1029 3678 1065 3735 de
1088 3695 1129 3744 re,
1166 3677 1203 3734 de
1231 3694 1294 3751 qua
1323 3665 1443 3752 antiqui
1474 3693 1583 3749 magno

307 3766 410 3824 studio
446 3766 688 3840 disputaverunt,
725 3784 832 3840 nempe
864 3767 900 3822 de
932 3766 1081 3842 qualitate
1103 3769 1208 3823 terrae.
1255 3764 1341 3822 Hanc
1375 3765 1585 3839 quaestionem

307 3855 351 3913 eis
374 3855 476 3928 magni
498 3854 596 3912 luisse
620 3856 765 3912 momenti
781 3856 811 3912 et
833 3855 902 3912 inde
926 3857 1063 3930 apparet,
1088 3855 1169 3929 quod
1185 3855 1280 3912 Varro
1304 3854 1455 3928 permulta
1475 3854 1511 3910 de
1528 3854 1585 3910 hac

306 3961 337 4001 re
370 3942 495 4017 exponit
529 3960 625 4018 neque
660 3943 748 4001 aliter
779 3943 1007 4018 Theophrastus
1044 3961 1067 4001 c.
1083 3943 1122 4019 pl.
1139 3943 1165 4000 ΙΙ
1187 3943 1216 4011 4,
1235 3944 1248 3999 l
1265 3961 1319 4018 sq,
1356 3943 1409 4018 qui
1444 3945 1584 4001 auctores

306 4031 413 4089 laudat
442 4031 641 4089 Menestorem
672 4033 742 4090 ibid.
767 4029 831 4111 §3,
867 4032 1057 4106 Leophanem
1089 4032 1159 4090 ibid.
1183 4029 1269 4111 §ll
1293 4066 1337 4073 -
1366 4032 1462 4089 Varro
1491 4030 1583 4099 las

305 4123 368 4178 tres
393 4119 509 4195 speeies
534 4121 667 4179 statuit:
683 4139 825 4190 macram,
858 4122 1009 4196 plnguem,
1044 4122 1222 4179 mediocrem
1253 4123 1373 4188 terram,
1409 4138 1445 4178 ao
1468 4137 1583 4194 negans

306 4211 427 4266 tenuem
450 4209 601 4284 plerisque
625 4211 739 4284 plantis
763 4211 918 4285 prodesse,
944 4206 998 4288 §6
1023 4211 1140 4268 scribit:
1179 4213 1305 4280 ,contra
1328 4210 1359 4266 in
1382 4226 1455 4283 agro
1479 4207 1584 4283 pingui

308 4345 313 4356 .
338 4342 344 4354 .
369 4341 376 4354 .
399 4296 470 4355 licet
492 4298 593 4357 videre
617 4301 647 4356 et
670 4303 789 4374 segetes
822 4299 998 4356 fructuosas
1022 4317 1058 4357 ac
1080 4299 1224 4356 restibilis
1247 4301 1278 4356 et
1301 4300 1424 4355 arbores
1447 4297 1583 4373 prolixas

307 4387 338 4443 et
361 4386 463 4443 omnia
486 4387 551 4445 sine
574 4405 688 4446 musco.
712 4389 743 4446 in
766 4388 907 4446 mediocri
931 4390 1032 4445 autem
1054 4391 1158 4445 terra.
1175 4431 1181 4446 .
1199 4431 1205 4445 .
1223 4404 1283 4462 quo
1308 4387 1433 4462 propius
1457 4387 1581 4453 aceedit,

414 4558 432 4628 ¹)
452 4557 487 4614 cf.
507 4558 734 4620 Posohenrieder,
761 4559 813 4614 Die
838 4558 1208 4614 naturwissensohaftliohen
1227 4557 1368 4613 Schriften
1387 4559 1436 4611 des
1453 4557 1537 4612 Arist.
1555 4557 1583 4610 in

309 4628 399 4683 ihrem
407 4629 569 4685 Verbaltnis
582 4647 617 4684 zu
636 4631 690 4684 den
699 4630 828 4685 Birohem
846 4631 896 4685 der
907 4631 1065 4701 hippokrat.
1077 4630 1217 4699 Sammlg,
1235 4630 1380 4698 Bamberg.
1399 4628 1496 4698 Progr.
1507 4627 1583 4682 1887.

413 4701 431 4770 ²)
451 4702 486 4756 cl.
505 4701 625 4767 Lobooh,
644 4701 807 4771 Aglaophl
825 4719 851 4771 p.
865 4702 932 4768 751;
951 4702 1148 4756 Weetermann
1166 4701 1183 4757 1.
1197 4701 1215 4754 l.
1233 4717 1259 4771 p.
1275 4699 1423 4755 las-160.
