<?xml version="1.0" encoding="UTF-8"?>
<!DOCTYPE html PUBLIC "-//W3C//DTD XHTML 1.0 Transitional//EN"
    "http://www.w3.org/TR/xhtml1/DTD/xhtml1-transitional.dtd">
<html xmlns="http://www.w3.org/1999/xhtml" xml:lang="en" lang="en">
 <head>
  <title>
</title>
<meta http-equiv="Content-Type" content="text/html;charset=utf-8" />
  <meta name='ocr-system' content='tesseract 3.04.00' />
  <meta name='ocr-capabilities' content='ocr_page ocr_carea ocr_par ocr_line ocrx_word'/>
</head>
<body>
  <div class='ocr_page' id='page_1' title='image "./devarronisrerum00hempgoog_0063.png"; bbox 0 0 3525 5342; ppageno 0'>
   <div class='ocr_carea' id='block_1_1' title="bbox 720 385 943 448">
    <p class='ocr_par' dir='ltr' id='par_1_1' title="bbox 720 385 943 448">
     <span class='ocr_line' id='line_1_1' title="bbox 720 385 943 448; baseline 0 -18"><span class='ocrx_word' id='word_1_1' title='bbox 720 385 943 448; x_wconf 73' lang='grc'>,61-</span> 
     </span>
    </p>
   </div>
   <div class='ocr_carea' id='block_1_2' title="bbox 193 566 1480 2136">
    <p class='ocr_par' dir='ltr' id='par_1_2' title="bbox 193 566 1477 910">
     <span class='ocr_line' id='line_1_2' title="bbox 193 566 1477 643; baseline 0.002 -19"><span class='ocrx_word' id='word_1_2' title='bbox 193 567 291 624; x_wconf 83' lang='lat' dir='ltr'>tacere</span> <span class='ocrx_word' id='word_1_3' title='bbox 315 584 407 642; x_wconf 87' lang='lat' dir='ltr'>quarn</span> <span class='ocrx_word' id='word_1_4' title='bbox 431 567 467 624; x_wconf 94' lang='lat' dir='ltr'>de</span> <span class='ocrx_word' id='word_1_5' title='bbox 491 584 536 635; x_wconf 91' lang='lat' dir='ltr'>eo,</span> <span class='ocrx_word' id='word_1_6' title='bbox 570 569 639 624; x_wconf 92' lang='lat' dir='ltr'>utra</span> <span class='ocrx_word' id='word_1_7' title='bbox 663 566 814 624; x_wconf 87' lang='lat' dir='ltr'>crescendi</span> <span class='ocrx_word' id='word_1_8' title='bbox 843 566 995 625; x_wconf 89' lang='lat' dir='ltr'>celeritate</span> <span class='ocrx_word' id='word_1_9' title='bbox 1018 567 1156 641; x_wconf 89' lang='lat' dir='ltr'>appetita</span> <span class='ocrx_word' id='word_1_10' title='bbox 1179 567 1241 624; x_wconf 89' lang='lat' dir='ltr'>sint</span> <span class='ocrx_word' id='word_1_11' title='bbox 1264 569 1477 643; x_wconf 61' lang='lat' dir='ltr'>praeferendas</span> 
     </span>
     <span class='ocr_line' id='line_1_3' title="bbox 193 652 1474 735; baseline 0.002 -22"><span class='ocrx_word' id='word_1_12' title='bbox 193 675 244 725; x_wconf 89' lang='lat' dir='ltr'>ea,</span> <span class='ocrx_word' id='word_1_13' title='bbox 270 673 397 731; x_wconf 91' lang='lat' dir='ltr'>quorum</span> <span class='ocrx_word' id='word_1_14' title='bbox 420 653 516 735; x_wconf 84' lang='grc' dir='ltr'><em>πόροι</em></span> <span class='ocrx_word' id='word_1_15' title='bbox 539 656 601 713; x_wconf 89' lang='lat' dir='ltr'>siut</span> <span class='ocrx_word' id='word_1_16' title='bbox 623 656 705 724; x_wconf 91' lang='lat' dir='ltr'>recti,</span> <span class='ocrx_word' id='word_1_17' title='bbox 737 656 782 712; x_wconf 89' lang='lat' dir='ltr'>ita</span> <span class='ocrx_word' id='word_1_18' title='bbox 803 657 838 712; x_wconf 90' lang='lat' dir='ltr'>ut</span> <span class='ocrx_word' id='word_1_19' title='bbox 862 656 972 723; x_wconf 91' lang='lat' dir='ltr'>omnia,</span> <span class='ocrx_word' id='word_1_20' title='bbox 1007 672 1085 730; x_wconf 90' lang='lat' dir='ltr'>quae</span> <span class='ocrx_word' id='word_1_21' title='bbox 1113 656 1151 712; x_wconf 94' lang='lat' dir='ltr'>ad</span> <span class='ocrx_word' id='word_1_22' title='bbox 1176 652 1370 714; x_wconf 82' lang='lat' dir='ltr'>crescendum</span> <span class='ocrx_word' id='word_1_23' title='bbox 1394 675 1474 732; x_wconf 89' lang='lat' dir='ltr'>opus</span> 
     </span>
     <span class='ocr_line' id='line_1_4' title="bbox 195 743 1472 825; baseline 0.001 -23"><span class='ocrx_word' id='word_1_24' title='bbox 195 745 263 813; x_wconf 91' lang='lat' dir='ltr'>sint,</span> <span class='ocrx_word' id='word_1_25' title='bbox 296 745 386 802; x_wconf 86' lang='lat' dir='ltr'>facile</span> <span class='ocrx_word' id='word_1_26' title='bbox 410 763 455 813; x_wconf 91' lang='lat' dir='ltr'>eo,</span> <span class='ocrx_word' id='word_1_27' title='bbox 488 745 542 802; x_wconf 92' lang='lat' dir='ltr'>ubi</span> <span class='ocrx_word' id='word_1_28' title='bbox 565 745 671 819; x_wconf 89' lang='lat' dir='ltr'>planta</span> <span class='ocrx_word' id='word_1_29' title='bbox 702 744 746 801; x_wconf 91' lang='lat' dir='ltr'>eis</span> <span class='ocrx_word' id='word_1_30' title='bbox 770 747 845 818; x_wconf 89' lang='lat' dir='ltr'>eget.</span> <span class='ocrx_word' id='word_1_31' title='bbox 879 744 1034 819; x_wconf 90' lang='lat' dir='ltr'>pervenire</span> <span class='ocrx_word' id='word_1_32' title='bbox 1057 745 1179 818; x_wconf 77' lang='lat' dir='ltr'><strong>possint</strong></span> <span class='ocrx_word' id='word_1_33' title='bbox 1202 743 1249 821; x_wconf 84' lang='lat' dir='ltr'>(cf.</span> <span class='ocrx_word' id='word_1_34' title='bbox 1274 763 1297 804; x_wconf 98' lang='lat' dir='ltr'>c.</span> <span class='ocrx_word' id='word_1_35' title='bbox 1314 745 1353 820; x_wconf 93' lang='lat' dir='ltr'>pl.</span> <span class='ocrx_word' id='word_1_36' title='bbox 1370 747 1383 802; x_wconf 91' lang='grc' dir='ltr'><strong>Ι</strong></span> <span class='ocrx_word' id='word_1_37' title='bbox 1399 745 1429 825; x_wconf 83' lang='grc'>8,</span> <span class='ocrx_word' id='word_1_38' title='bbox 1442 745 1472 823; x_wconf 72' lang='grc'>2)</span> 
     </span>
     <span class='ocr_line' id='line_1_5' title="bbox 195 833 1477 910; baseline 0.001 -19"><span class='ocrx_word' id='word_1_39' title='bbox 195 853 233 892; x_wconf 91' lang='lat' dir='ltr'>an</span> <span class='ocrx_word' id='word_1_40' title='bbox 256 852 302 902; x_wconf 86' lang='lat' dir='ltr'>aa,</span> <span class='ocrx_word' id='word_1_41' title='bbox 329 851 407 910; x_wconf 91' lang='lat' dir='ltr'>quae</span> <span class='ocrx_word' id='word_1_42' title='bbox 432 833 493 891; x_wconf 91' lang='lat' dir='ltr'>sint</span> <span class='ocrx_word' id='word_1_43' title='bbox 516 833 635 891; x_wconf 78' lang='lat' dir='ltr'><strong>laxiora</strong></span> <span class='ocrx_word' id='word_1_44' title='bbox 658 835 689 891; x_wconf 90' lang='lat' dir='ltr'>et</span> <span class='ocrx_word' id='word_1_45' title='bbox 711 833 890 891; x_wconf 83' lang='lat' dir='ltr'>humidiora.</span> <span class='ocrx_word' id='word_1_46' title='bbox 930 834 996 903; x_wconf 82' lang='lat' dir='ltr'>Qua</span> <span class='ocrx_word' id='word_1_47' title='bbox 1018 833 1049 890; x_wconf 89' lang='lat' dir='ltr'>in</span> <span class='ocrx_word' id='word_1_48' title='bbox 1071 851 1102 891; x_wconf 90' lang='lat' dir='ltr'>re</span> <span class='ocrx_word' id='word_1_49' title='bbox 1125 833 1173 891; x_wconf 92' lang='lat' dir='ltr'>his</span> <span class='ocrx_word' id='word_1_50' title='bbox 1190 834 1244 891; x_wconf 92' lang='lat' dir='ltr'>dat</span> <span class='ocrx_word' id='word_1_51' title='bbox 1259 835 1477 910; x_wconf 89' lang='lat' dir='ltr'>principatum.</span> 
     </span>
    </p>

    <p class='ocr_par' dir='ltr' id='par_1_3' title="bbox 193 922 1480 2136">
     <span class='ocr_line' id='line_1_6' title="bbox 298 922 1474 997; baseline 0.001 -18"><span class='ocrx_word' id='word_1_52' title='bbox 298 922 479 981; x_wconf 89' lang='lat' dir='ltr'>Parenthesi</span> <span class='ocrx_word' id='word_1_53' title='bbox 510 923 656 980; x_wconf 89' lang='lat' dir='ltr'>conclusa</span> <span class='ocrx_word' id='word_1_54' title='bbox 678 923 773 980; x_wconf 90' lang='lat' dir='ltr'>Varro</span> <span class='ocrx_word' id='word_1_55' title='bbox 805 922 897 979; x_wconf 85' lang='lat' dir='ltr'>affert</span> <span class='ocrx_word' id='word_1_56' title='bbox 926 924 1090 997; x_wconf 90' lang='lat' dir='ltr'>praecepta</span> <span class='ocrx_word' id='word_1_57' title='bbox 1113 940 1150 980; x_wconf 90' lang='lat' dir='ltr'>ex</span> <span class='ocrx_word' id='word_1_58' title='bbox 1180 922 1234 980; x_wconf 87' lang='lat' dir='ltr'>eis.</span> <span class='ocrx_word' id='word_1_59' title='bbox 1272 940 1350 997; x_wconf 92' lang='lat' dir='ltr'>quae</span> <span class='ocrx_word' id='word_1_60' title='bbox 1381 926 1474 981; x_wconf 89' lang='lat' dir='ltr'>antea</span> 
     </span>
     <span class='ocr_line' id='line_1_7' title="bbox 195 1010 1473 1091; baseline 0.001 -22"><span class='ocrx_word' id='word_1_61' title='bbox 195 1012 345 1086; x_wconf 83' lang='lat' dir='ltr'>exposuit,</span> <span class='ocrx_word' id='word_1_62' title='bbox 370 1011 505 1079; x_wconf 87' lang='lat' dir='ltr'>collecta,</span> <span class='ocrx_word' id='word_1_63' title='bbox 531 1010 608 1068; x_wconf 84' lang='lat' dir='ltr'>scil:</span> <span class='ocrx_word' id='word_1_64' title='bbox 643 1027 756 1091; x_wconf 84' lang='lat' dir='ltr'>„quare</span> <span class='ocrx_word' id='word_1_65' title='bbox 780 1028 818 1068; x_wconf 89' lang='lat' dir='ltr'>ex</span> <span class='ocrx_word' id='word_1_66' title='bbox 840 1013 922 1068; x_wconf 90' lang='lat' dir='ltr'>terra</span> <span class='ocrx_word' id='word_1_67' title='bbox 954 1011 1059 1085; x_wconf 90' lang='lat' dir='ltr'>potius</span> <span class='ocrx_word' id='word_1_68' title='bbox 1083 1012 1115 1068; x_wconf 92' lang='lat' dir='ltr'>in</span> <span class='ocrx_word' id='word_1_69' title='bbox 1138 1012 1307 1069; x_wconf 90' lang='lat' dir='ltr'>seminariis</span> <span class='ocrx_word' id='word_1_70' title='bbox 1332 1012 1473 1070; x_wconf 87' lang='lat' dir='ltr'>surculos</span> 
     </span>
     <span class='ocr_line' id='line_1_8' title="bbox 194 1096 1480 1175; baseline -0.002 -15"><span class='ocrx_word' id='word_1_71' title='bbox 194 1101 230 1160; x_wconf 90' lang='lat' dir='ltr'>de</span> <span class='ocrx_word' id='word_1_72' title='bbox 263 1101 356 1159; x_wconf 86' lang='lat' dir='ltr'>ficeto</span> <span class='ocrx_word' id='word_1_73' title='bbox 392 1117 484 1175; x_wconf 91' lang='lat' dir='ltr'>quam</span> <span class='ocrx_word' id='word_1_74' title='bbox 518 1117 615 1174; x_wconf 90' lang='lat' dir='ltr'>grana</span> <span class='ocrx_word' id='word_1_75' title='bbox 649 1100 685 1158; x_wconf 92' lang='lat' dir='ltr'>de</span> <span class='ocrx_word' id='word_1_76' title='bbox 715 1096 809 1175; x_wconf 81' lang='lat' dir='ltr'>fieo²)</span> <span class='ocrx_word' id='word_1_77' title='bbox 845 1099 967 1174; x_wconf 91' lang='lat' dir='ltr'>expedit</span> <span class='ocrx_word' id='word_1_78' title='bbox 1000 1100 1134 1168; x_wconf 89' lang='lat' dir='ltr'>obruere,</span> <span class='ocrx_word' id='word_1_79' title='bbox 1171 1103 1290 1175; x_wconf 90' lang='lat' dir='ltr'>praeter</span> <span class='ocrx_word' id='word_1_80' title='bbox 1323 1102 1351 1158; x_wconf 88' lang='lat' dir='ltr'>si</span> <span class='ocrx_word' id='word_1_81' title='bbox 1385 1101 1480 1158; x_wconf 81' lang='lat' dir='ltr'>aliter·</span> 
     </span>
     <span class='ocr_line' id='line_1_9' title="bbox 195 1189 1473 1265; baseline 0 -18"><span class='ocrx_word' id='word_1_82' title='bbox 195 1207 340 1264; x_wconf 74' lang='lat' dir='ltr'>nequeas</span> <span class='ocrx_word' id='word_1_83' title='bbox 373 1192 408 1246; x_wconf 91' lang='lat' dir='ltr'>ut</span> <span class='ocrx_word' id='word_1_84' title='bbox 431 1189 582 1264; x_wconf 89' lang='lat' dir='ltr'>siquando</span> <span class='ocrx_word' id='word_1_85' title='bbox 614 1189 683 1264; x_wconf 89' lang='lat' dir='ltr'>quis</span> <span class='ocrx_word' id='word_1_86' title='bbox 705 1190 791 1246; x_wconf 89' lang='lat' dir='ltr'>trans</span> <span class='ocrx_word' id='word_1_87' title='bbox 815 1207 897 1246; x_wconf 90' lang='lat' dir='ltr'>mare</span> <span class='ocrx_word' id='word_1_88' title='bbox 921 1189 1039 1246; x_wconf 86' lang='lat' dir='ltr'>semina</span> <span class='ocrx_word' id='word_1_89' title='bbox 1061 1189 1178 1246; x_wconf 89' lang='lat' dir='ltr'>mittere</span> <span class='ocrx_word' id='word_1_90' title='bbox 1201 1193 1257 1247; x_wconf 88' lang='lat' dir='ltr'>aut</span> <span class='ocrx_word' id='word_1_91' title='bbox 1279 1190 1348 1247; x_wconf 91' lang='lat' dir='ltr'>inde</span> <span class='ocrx_word' id='word_1_92' title='bbox 1371 1192 1473 1265; x_wconf 88' lang='lat' dir='ltr'>petere</span> 
     </span>
     <span class='ocr_line' id='line_1_10' title="bbox 193 1277 1473 1354; baseline 0 -18"><span class='ocrx_word' id='word_1_93' title='bbox 193 1279 266 1336; x_wconf 91' lang='lat' dir='ltr'>vult.</span> <span class='ocrx_word' id='word_1_94' title='bbox 290 1281 354 1336; x_wconf 91' lang='lat' dir='ltr'>tum</span> <span class='ocrx_word' id='word_1_95' title='bbox 379 1278 457 1335; x_wconf 90' lang='lat' dir='ltr'>enim</span> <span class='ocrx_word' id='word_1_96' title='bbox 488 1277 662 1336; x_wconf 80' lang='lat' dir='ltr'>resticulam</span> <span class='ocrx_word' id='word_1_97' title='bbox 692 1295 745 1353; x_wconf 88' lang='lat' dir='ltr'>per</span> <span class='ocrx_word' id='word_1_98' title='bbox 766 1278 853 1344; x_wconf 88' lang='lat' dir='ltr'>ficos,</span> <span class='ocrx_word' id='word_1_99' title='bbox 887 1295 965 1353; x_wconf 88' lang='lat' dir='ltr'>quas</span> <span class='ocrx_word' id='word_1_100' title='bbox 994 1277 1120 1345; x_wconf 90' lang='lat' dir='ltr'>edimus,</span> <span class='ocrx_word' id='word_1_101' title='bbox 1154 1280 1290 1336; x_wconf 90' lang='lat' dir='ltr'>maturas</span> <span class='ocrx_word' id='word_1_102' title='bbox 1314 1281 1473 1354; x_wconf 89' lang='lat' dir='ltr'>perserunt</span> 
     </span>
     <span class='ocr_line' id='line_1_11' title="bbox 195 1356 1479 1441; baseline -0.001 -16"><span class='ocrx_word' id='word_1_103' title='bbox 195 1371 224 1425; x_wconf 90' lang='lat' dir='ltr'>et</span> <span class='ocrx_word' id='word_1_104' title='bbox 247 1385 312 1436; x_wconf 89' lang='lat' dir='ltr'>eas,</span> <span class='ocrx_word' id='word_1_105' title='bbox 337 1384 405 1424; x_wconf 91' lang='lat' dir='ltr'>cum</span> <span class='ocrx_word' id='word_1_106' title='bbox 428 1367 612 1436; x_wconf 88' lang='lat' dir='ltr'>inaruerunt,</span> <span class='ocrx_word' id='word_1_107' title='bbox 638 1356 811 1441; x_wconf 85' lang='lat' dir='ltr'>conplicant</span> <span class='ocrx_word' id='word_1_108' title='bbox 835 1384 871 1425; x_wconf 90' lang='lat' dir='ltr'>ao</span> <span class='ocrx_word' id='word_1_109' title='bbox 896 1383 957 1441; x_wconf 91' lang='lat' dir='ltr'>quo</span> <span class='ocrx_word' id='word_1_110' title='bbox 979 1365 1088 1424; x_wconf 91' lang='lat' dir='ltr'>volunt</span> <span class='ocrx_word' id='word_1_111' title='bbox 1111 1367 1244 1433; x_wconf 88' lang='lat' dir='ltr'>mittunt,</span> <span class='ocrx_word' id='word_1_112' title='bbox 1270 1368 1322 1425; x_wconf 89' lang='lat' dir='ltr'>uhi</span> <span class='ocrx_word' id='word_1_113' title='bbox 1346 1369 1479 1425; x_wconf 85' lang='lat' dir='ltr'>obrutae</span> 
     </span>
     <span class='ocr_line' id='line_1_12' title="bbox 193 1455 1479 1531; baseline 0.002 -19"><span class='ocrx_word' id='word_1_114' title='bbox 193 1458 223 1513; x_wconf 93' lang='lat' dir='ltr'>in</span> <span class='ocrx_word' id='word_1_115' title='bbox 247 1456 408 1514; x_wconf 89' lang='lat' dir='ltr'>seminario</span> <span class='ocrx_word' id='word_1_116' title='bbox 425 1456 554 1530; x_wconf 89' lang='lat' dir='ltr'>pariant.</span> <span class='ocrx_word' id='word_1_117' title='bbox 579 1456 623 1513; x_wconf 90' lang='lat' dir='ltr'>sic</span> <span class='ocrx_word' id='word_1_118' title='bbox 646 1472 757 1529; x_wconf 89' lang='lat' dir='ltr'>genera</span> <span class='ocrx_word' id='word_1_119' title='bbox 779 1455 916 1525; x_wconf 89' lang='lat' dir='ltr'>ficorum,</span> <span class='ocrx_word' id='word_1_120' title='bbox 943 1455 1027 1513; x_wconf 90' lang='lat' dir='ltr'>chiae</span> <span class='ocrx_word' id='word_1_121' title='bbox 1051 1473 1088 1513; x_wconf 93' lang='lat' dir='ltr'>ac</span> <span class='ocrx_word' id='word_1_122' title='bbox 1110 1455 1294 1514; x_wconf 76' lang='lat' dir='ltr'>chalcidicae</span> <span class='ocrx_word' id='word_1_123' title='bbox 1318 1458 1350 1514; x_wconf 88' lang='lat' dir='ltr'>et</span> <span class='ocrx_word' id='word_1_124' title='bbox 1372 1456 1479 1531; x_wconf 86' lang='lat' dir='ltr'>lydiae</span> 
     </span>
     <span class='ocr_line' id='line_1_13' title="bbox 194 1543 1478 1619; baseline -0.001 -17"><span class='ocrx_word' id='word_1_125' title='bbox 194 1549 224 1602; x_wconf 93' lang='lat' dir='ltr'>et</span> <span class='ocrx_word' id='word_1_126' title='bbox 246 1545 408 1613; x_wconf 80' lang='lat' dir='ltr'>africanae,</span> <span class='ocrx_word' id='word_1_127' title='bbox 432 1545 504 1602; x_wconf 91' lang='lat' dir='ltr'>item</span> <span class='ocrx_word' id='word_1_128' title='bbox 520 1547 621 1603; x_wconf 89' lang='lat' dir='ltr'>cetera</span> <span class='ocrx_word' id='word_1_129' title='bbox 642 1545 847 1602; x_wconf 89' lang='lat' dir='ltr'>transmarina</span> <span class='ocrx_word' id='word_1_130' title='bbox 869 1545 901 1602; x_wconf 92' lang='lat' dir='ltr'>in</span> <span class='ocrx_word' id='word_1_131' title='bbox 917 1543 1035 1602; x_wconf 88' lang='lat' dir='ltr'>ltaham</span> <span class='ocrx_word' id='word_1_132' title='bbox 1051 1545 1177 1619; x_wconf 88' lang='lat' dir='ltr'>perlata.</span> <span class='ocrx_word' id='word_1_133' title='bbox 1201 1545 1292 1603; x_wconf 85' lang='lat' dir='ltr'>simili</span> <span class='ocrx_word' id='word_1_134' title='bbox 1315 1546 1352 1602; x_wconf 91' lang='lat' dir='ltr'>de</span> <span class='ocrx_word' id='word_1_135' title='bbox 1368 1563 1478 1613; x_wconf 88' lang='lat' dir='ltr'>causa,</span> 
     </span>
     <span class='ocr_line' id='line_1_14' title="bbox 197 1633 1472 1715; baseline 0 -23"><span class='ocrx_word' id='word_1_136' title='bbox 197 1634 281 1692; x_wconf 89' lang='lat' dir='ltr'>oleae</span> <span class='ocrx_word' id='word_1_137' title='bbox 305 1651 406 1692; x_wconf 88' lang='lat' dir='ltr'>semen</span> <span class='ocrx_word' id='word_1_138' title='bbox 438 1651 507 1690; x_wconf 87' lang='lat' dir='ltr'>oum</span> <span class='ocrx_word' id='word_1_139' title='bbox 538 1633 580 1691; x_wconf 90' lang='lat' dir='ltr'>sit</span> <span class='ocrx_word' id='word_1_140' title='bbox 601 1633 757 1702; x_wconf 76' lang='lat' dir='ltr'>auruleus,</span> <span class='ocrx_word' id='word_1_141' title='bbox 790 1634 872 1708; x_wconf 91' lang='lat' dir='ltr'>quod</span> <span class='ocrx_word' id='word_1_142' title='bbox 896 1651 933 1690; x_wconf 88' lang='lat' dir='ltr'>ex</span> <span class='ocrx_word' id='word_1_143' title='bbox 957 1650 993 1690; x_wconf 90' lang='lat' dir='ltr'>eo</span> <span class='ocrx_word' id='word_1_144' title='bbox 1023 1633 1140 1690; x_wconf 89' lang='lat' dir='ltr'>tardius</span> <span class='ocrx_word' id='word_1_145' title='bbox 1173 1636 1374 1715; x_wconf 83' lang='lat' dir='ltr'>enascebatur</span> <span class='ocrx_word' id='word_1_146' title='bbox 1397 1634 1472 1692; x_wconf 88' lang='lat' dir='ltr'>colis</span> 
     </span>
     <span class='ocr_line' id='line_1_15' title="bbox 196 1718 1473 1798; baseline 0 -18"><span class='ocrx_word' id='word_1_147' title='bbox 196 1741 286 1798; x_wconf 89' lang='lat' dir='ltr'>quam</span> <span class='ocrx_word' id='word_1_148' title='bbox 310 1739 346 1780; x_wconf 91' lang='lat' dir='ltr'>ex</span> <span class='ocrx_word' id='word_1_149' title='bbox 370 1722 448 1790; x_wconf 90' lang='lat' dir='ltr'>aliis,</span> <span class='ocrx_word' id='word_1_150' title='bbox 481 1722 549 1780; x_wconf 90' lang='lat' dir='ltr'>ideo</span> <span class='ocrx_word' id='word_1_151' title='bbox 581 1723 685 1796; x_wconf 89' lang='lat' dir='ltr'>potius</span> <span class='ocrx_word' id='word_1_152' title='bbox 716 1721 748 1779; x_wconf 94' lang='lat' dir='ltr'>in</span> <span class='ocrx_word' id='word_1_153' title='bbox 771 1723 933 1781; x_wconf 89' lang='lat' dir='ltr'>seminario</span> <span class='ocrx_word' id='word_1_154' title='bbox 957 1721 1067 1789; x_wconf 89' lang='lat' dir='ltr'>taleas,</span> <span class='ocrx_word' id='word_1_155' title='bbox 1100 1738 1177 1798; x_wconf 87' lang='lat' dir='ltr'>quas</span> <span class='ocrx_word' id='word_1_156' title='bbox 1210 1723 1280 1791; x_wconf 87' lang='lat' dir='ltr'>dixi,</span> <span class='ocrx_word' id='word_1_157' title='bbox 1313 1718 1473 1781; x_wconf 87' lang='lat' dir='ltr'>serimus“.</span> 
     </span>
     <span class='ocr_line' id='line_1_16' title="bbox 196 1811 1473 1886; baseline 0 -18"><span class='ocrx_word' id='word_1_158' title='bbox 196 1812 276 1870; x_wconf 89' lang='lat' dir='ltr'>Haec</span> <span class='ocrx_word' id='word_1_159' title='bbox 300 1812 403 1869; x_wconf 91' lang='lat' dir='ltr'>omnia</span> <span class='ocrx_word' id='word_1_160' title='bbox 433 1816 501 1868; x_wconf 90' lang='lat' dir='ltr'>cum</span> <span class='ocrx_word' id='word_1_161' title='bbox 533 1811 689 1872; x_wconf 69' lang='lat' dir='ltr'>artissime,</span> <span class='ocrx_word' id='word_1_162' title='bbox 716 1829 782 1869; x_wconf 93' lang='lat' dir='ltr'>cum</span> <span class='ocrx_word' id='word_1_163' title='bbox 807 1811 851 1868; x_wconf 93' lang='lat' dir='ltr'>eis</span> <span class='ocrx_word' id='word_1_164' title='bbox 883 1812 1081 1878; x_wconf 82' lang='lat' dir='ltr'>cohaereant,</span> <span class='ocrx_word' id='word_1_165' title='bbox 1108 1828 1187 1886; x_wconf 89' lang='lat' dir='ltr'>quae</span> <span class='ocrx_word' id='word_1_166' title='bbox 1210 1814 1302 1869; x_wconf 90' lang='lat' dir='ltr'>antea</span> <span class='ocrx_word' id='word_1_167' title='bbox 1333 1815 1411 1870; x_wconf 90' lang='lat' dir='ltr'>certe</span> <span class='ocrx_word' id='word_1_168' title='bbox 1436 1829 1473 1869; x_wconf 91' lang='lat' dir='ltr'>ex</span> 
     </span>
     <span class='ocr_line' id='line_1_17' title="bbox 196 1900 1471 1975; baseline 0 -17"><span class='ocrx_word' id='word_1_169' title='bbox 196 1903 318 1959; x_wconf 88' lang='lat' dir='ltr'>auctore</span> <span class='ocrx_word' id='word_1_170' title='bbox 333 1901 429 1958; x_wconf 90' lang='lat' dir='ltr'>Varro</span> <span class='ocrx_word' id='word_1_171' title='bbox 453 1900 622 1974; x_wconf 89' lang='lat' dir='ltr'>exscripsit,</span> <span class='ocrx_word' id='word_1_172' title='bbox 647 1917 709 1958; x_wconf 91' lang='lat' dir='ltr'>non</span> <span class='ocrx_word' id='word_1_173' title='bbox 732 1900 875 1967; x_wconf 77' lang='lat' dir='ltr'>dubitem,</span> <span class='ocrx_word' id='word_1_174' title='bbox 902 1900 975 1975; x_wconf 91' lang='lat' dir='ltr'>quin</span> <span class='ocrx_word' id='word_1_175' title='bbox 997 1900 1069 1958; x_wconf 88' lang='lat' dir='ltr'>item</span> <span class='ocrx_word' id='word_1_176' title='bbox 1093 1917 1140 1957; x_wconf 91' lang='lat' dir='ltr'>res</span> <span class='ocrx_word' id='word_1_177' title='bbox 1165 1900 1201 1957; x_wconf 90' lang='lat' dir='ltr'>de</span> <span class='ocrx_word' id='word_1_178' title='bbox 1221 1901 1269 1958; x_wconf 89' lang='lat' dir='ltr'>his</span> <span class='ocrx_word' id='word_1_179' title='bbox 1294 1919 1327 1958; x_wconf 91' lang='lat' dir='ltr'>se</span> <span class='ocrx_word' id='word_1_180' title='bbox 1350 1901 1471 1958; x_wconf 90' lang='lat' dir='ltr'>habeat.</span> 
     </span>
     <span class='ocr_line' id='line_1_18' title="bbox 197 1989 1478 2063; baseline -0.001 -17"><span class='ocrx_word' id='word_1_181' title='bbox 197 1990 230 2046; x_wconf 94' lang='lat' dir='ltr'>ln</span> <span class='ocrx_word' id='word_1_182' title='bbox 259 1990 344 2047; x_wconf 88' lang='lat' dir='ltr'>fonte</span> <span class='ocrx_word' id='word_1_183' title='bbox 375 1989 457 2046; x_wconf 92' lang='lat' dir='ltr'>haud</span> <span class='ocrx_word' id='word_1_184' title='bbox 483 1990 572 2047; x_wconf 89' lang='lat' dir='ltr'>dubie</span> <span class='ocrx_word' id='word_1_185' title='bbox 602 1989 662 2046; x_wconf 90' lang='lat' dir='ltr'>fuit</span> <span class='ocrx_word' id='word_1_186' title='bbox 692 2005 802 2047; x_wconf 86' lang='lat' dir='ltr'>nomen</span> <span class='ocrx_word' id='word_1_187' title='bbox 826 1989 983 2056; x_wconf 83' lang='lat' dir='ltr'>Graeciae,</span> <span class='ocrx_word' id='word_1_188' title='bbox 1016 1989 1097 2063; x_wconf 91' lang='lat' dir='ltr'>quod</span> <span class='ocrx_word' id='word_1_189' title='bbox 1120 1989 1268 2046; x_wconf 85' lang='lat' dir='ltr'>Reatinus</span> <span class='ocrx_word' id='word_1_190' title='bbox 1299 1990 1331 2046; x_wconf 91' lang='lat' dir='ltr'>in</span> <span class='ocrx_word' id='word_1_191' title='bbox 1354 1989 1478 2046; x_wconf 90' lang='lat' dir='ltr'>ltaliam.</span> 
     </span>
     <span class='ocr_line' id='line_1_19' title="bbox 197 2079 797 2136; baseline 0.005 -1"><span class='ocrx_word' id='word_1_192' title='bbox 197 2079 400 2136; x_wconf 90' lang='lat' dir='ltr'>commutavit.</span> <span class='ocrx_word' id='word_1_193' title='bbox 794 2088 797 2093; x_wconf 83' lang='lat'>&#39;</span> 
     </span>
    </p>
   </div>
   <div class='ocr_carea' id='block_1_3' title="bbox 195 2234 1544 4358">
    <p class='ocr_par' dir='ltr' id='par_1_4' title="bbox 195 2234 1544 4358">
     <span class='ocr_line' id='line_1_20' title="bbox 301 2234 1470 2319; baseline 0.001 -23"><span class='ocrx_word' id='word_1_194' title='bbox 301 2234 372 2319; x_wconf 62' lang='lat' dir='ltr'>gh.</span> <span class='ocrx_word' id='word_1_195' title='bbox 418 2239 481 2296; x_wconf 91' lang='lat' dir='ltr'>lam</span> <span class='ocrx_word' id='word_1_196' title='bbox 516 2239 555 2296; x_wconf 91' lang='lat' dir='ltr'>ad</span> <span class='ocrx_word' id='word_1_197' title='bbox 589 2239 680 2296; x_wconf 88' lang='lat' dir='ltr'>finem</span> <span class='ocrx_word' id='word_1_198' title='bbox 716 2239 907 2312; x_wconf 82' lang='lat' dir='ltr'>pervenimus</span> <span class='ocrx_word' id='word_1_199' title='bbox 943 2239 1049 2296; x_wconf 92' lang='lat' dir='ltr'>horum</span> <span class='ocrx_word' id='word_1_200' title='bbox 1085 2239 1218 2312; x_wconf 87' lang='lat' dir='ltr'>capitum</span> <span class='ocrx_word' id='word_1_201' title='bbox 1252 2239 1470 2313; x_wconf 85' lang='lat' dir='ltr'>inquisitionis,</span> 
     </span>
     <span class='ocr_line' id='line_1_21' title="bbox 196 2327 1474 2403; baseline 0 -17"><span class='ocrx_word' id='word_1_202' title='bbox 196 2346 286 2403; x_wconf 86' lang='lat' dir='ltr'>quam</span> <span class='ocrx_word' id='word_1_203' title='bbox 309 2327 398 2385; x_wconf 91' lang='lat' dir='ltr'>nimis</span> <span class='ocrx_word' id='word_1_204' title='bbox 430 2329 562 2402; x_wconf 86' lang='lat' dir='ltr'>amplam</span> <span class='ocrx_word' id='word_1_205' title='bbox 594 2344 641 2385; x_wconf 90' lang='lat' dir='ltr'>me</span> <span class='ocrx_word' id='word_1_206' title='bbox 663 2327 773 2386; x_wconf 86' lang='lat' dir='ltr'>fecisse</span> <span class='ocrx_word' id='word_1_207' title='bbox 796 2345 834 2384; x_wconf 92' lang='lat' dir='ltr'>ne</span> <span class='ocrx_word' id='word_1_208' title='bbox 865 2327 934 2402; x_wconf 86' lang='lat' dir='ltr'>quis</span> <span class='ocrx_word' id='word_1_209' title='bbox 958 2327 1048 2394; x_wconf 87' lang='lat' dir='ltr'>dicat,</span> <span class='ocrx_word' id='word_1_210' title='bbox 1081 2345 1142 2384; x_wconf 91' lang='lat' dir='ltr'>non</span> <span class='ocrx_word' id='word_1_211' title='bbox 1173 2328 1274 2386; x_wconf 89' lang='lat' dir='ltr'>timeo.</span> <span class='ocrx_word' id='word_1_212' title='bbox 1320 2328 1397 2386; x_wconf 88' lang='lat' dir='ltr'>Nam</span> <span class='ocrx_word' id='word_1_213' title='bbox 1428 2330 1474 2386; x_wconf 88' lang='lat' dir='ltr'>ita</span> 
     </span>
     <span class='ocr_line' id='line_1_22' title="bbox 198 2415 1470 2490; baseline 0.001 -16"><span class='ocrx_word' id='word_1_214' title='bbox 198 2420 325 2484; x_wconf 87' lang='lat' dir='ltr'>tantum,</span> <span class='ocrx_word' id='word_1_215' title='bbox 365 2418 401 2474; x_wconf 90' lang='lat' dir='ltr'>ut</span> <span class='ocrx_word' id='word_1_216' title='bbox 434 2417 599 2475; x_wconf 88' lang='lat' dir='ltr'>Varronem</span> <span class='ocrx_word' id='word_1_217' title='bbox 638 2417 865 2474; x_wconf 82' lang='lat' dir='ltr'>accuratissime</span> <span class='ocrx_word' id='word_1_218' title='bbox 904 2433 972 2473; x_wconf 89' lang='lat' dir='ltr'>cum</span> <span class='ocrx_word' id='word_1_219' title='bbox 1010 2415 1219 2490; x_wconf 83' lang='lat' dir='ltr'>Theophrasto</span> <span class='ocrx_word' id='word_1_220' title='bbox 1258 2417 1470 2484; x_wconf 71' lang='lat' dir='ltr'>conferremus</span> 
     </span>
     <span class='ocr_line' id='line_1_23' title="bbox 196 2505 1478 2580; baseline 0.001 -17"><span class='ocrx_word' id='word_1_221' title='bbox 196 2506 328 2580; x_wconf 89' lang='lat' dir='ltr'>contigit,</span> <span class='ocrx_word' id='word_1_222' title='bbox 354 2509 389 2562; x_wconf 93' lang='lat' dir='ltr'>ut</span> <span class='ocrx_word' id='word_1_223' title='bbox 412 2505 502 2563; x_wconf 91' lang='lat' dir='ltr'>simul</span> <span class='ocrx_word' id='word_1_224' title='bbox 523 2505 584 2562; x_wconf 92' lang='lat' dir='ltr'>duo</span> <span class='ocrx_word' id='word_1_225' title='bbox 609 2522 791 2563; x_wconf 88' lang='lat' dir='ltr'>erueremus:</span> <span class='ocrx_word' id='word_1_226' title='bbox 816 2505 953 2573; x_wconf 89' lang='lat' dir='ltr'>alterum,</span> <span class='ocrx_word' id='word_1_227' title='bbox 980 2507 1132 2580; x_wconf 87' lang='lat' dir='ltr'>quatenus</span> <span class='ocrx_word' id='word_1_228' title='bbox 1153 2505 1382 2580; x_wconf 85' lang='lat' dir='ltr'>Theophrastus</span> <span class='ocrx_word' id='word_1_229' title='bbox 1404 2509 1478 2564; x_wconf 85' lang='lat' dir='ltr'>toto·</span> 
     </span>
     <span class='ocr_line' id='line_1_24' title="bbox 198 2594 1470 2670; baseline 0 -18"><span class='ocrx_word' id='word_1_230' title='bbox 198 2595 344 2652; x_wconf 93' lang='lat' dir='ltr'>hocloco</span> <span class='ocrx_word' id='word_1_231' title='bbox 368 2597 475 2652; x_wconf 87' lang='lat' dir='ltr'>auctor</span> <span class='ocrx_word' id='word_1_232' title='bbox 498 2594 548 2661; x_wconf 90' lang='lat' dir='ltr'>sit,</span> <span class='ocrx_word' id='word_1_233' title='bbox 573 2594 700 2652; x_wconf 89' lang='lat' dir='ltr'>alterum</span> <span class='ocrx_word' id='word_1_234' title='bbox 724 2612 792 2652; x_wconf 92' lang='lat' dir='ltr'>eum</span> <span class='ocrx_word' id='word_1_235' title='bbox 815 2611 835 2651; x_wconf 89' lang='lat' dir='ltr'>a</span> <span class='ocrx_word' id='word_1_236' title='bbox 856 2594 992 2651; x_wconf 89' lang='lat' dir='ltr'>Varrone</span> <span class='ocrx_word' id='word_1_237' title='bbox 1014 2594 1082 2668; x_wconf 89' lang='lat' dir='ltr'>ipso</span> <span class='ocrx_word' id='word_1_238' title='bbox 1106 2612 1168 2652; x_wconf 91' lang='lat' dir='ltr'>non</span> <span class='ocrx_word' id='word_1_239' title='bbox 1192 2613 1260 2652; x_wconf 89' lang='lat' dir='ltr'>esse</span> <span class='ocrx_word' id='word_1_240' title='bbox 1284 2612 1470 2670; x_wconf 85' lang='lat' dir='ltr'>expressum,</span> 
     </span>
     <span class='ocr_line' id='line_1_25' title="bbox 197 2683 1478 2760; baseline 0 -18"><span class='ocrx_word' id='word_1_241' title='bbox 197 2685 248 2742; x_wconf 91' lang='lat' dir='ltr'>sed</span> <span class='ocrx_word' id='word_1_242' title='bbox 272 2702 292 2741; x_wconf 90' lang='lat' dir='ltr'>a</span> <span class='ocrx_word' id='word_1_243' title='bbox 315 2683 423 2742; x_wconf 81' lang='lat' dir='ltr'>Cassio</span> <span class='ocrx_word' id='word_1_244' title='bbox 446 2683 603 2758; x_wconf 85' lang='lat' dir='ltr'>Dionysio,</span> <span class='ocrx_word' id='word_1_245' title='bbox 636 2701 725 2759; x_wconf 91' lang='lat' dir='ltr'>quem</span> <span class='ocrx_word' id='word_1_246' title='bbox 756 2701 775 2740; x_wconf 91' lang='lat' dir='ltr'>a</span> <span class='ocrx_word' id='word_1_247' title='bbox 798 2683 956 2758; x_wconf 84' lang='lat' dir='ltr'>Diophane</span> <span class='ocrx_word' id='word_1_248' title='bbox 986 2685 1150 2740; x_wconf 86' lang='lat' dir='ltr'>tractatum</span> <span class='ocrx_word' id='word_1_249' title='bbox 1176 2684 1273 2741; x_wconf 89' lang='lat' dir='ltr'>Varro</span> <span class='ocrx_word' id='word_1_250' title='bbox 1304 2684 1478 2760; x_wconf 80' lang='lat' dir='ltr'>exscripsit.</span> 
     </span>
     <span class='ocr_line' id='line_1_26' title="bbox 197 2771 1470 2847; baseline 0.002 -18"><span class='ocrx_word' id='word_1_251' title='bbox 197 2772 260 2830; x_wconf 92' lang='lat' dir='ltr'>Hoc</span> <span class='ocrx_word' id='word_1_252' title='bbox 292 2772 478 2830; x_wconf 89' lang='lat' dir='ltr'>confidenter</span> <span class='ocrx_word' id='word_1_253' title='bbox 509 2771 689 2830; x_wconf 89' lang='lat' dir='ltr'>contendere</span> <span class='ocrx_word' id='word_1_254' title='bbox 720 2773 781 2830; x_wconf 92' lang='lat' dir='ltr'>iam</span> <span class='ocrx_word' id='word_1_255' title='bbox 811 2789 873 2830; x_wconf 90' lang='lat' dir='ltr'>nou</span> <span class='ocrx_word' id='word_1_256' title='bbox 905 2772 1019 2840; x_wconf 91' lang='lat' dir='ltr'>dubito,</span> <span class='ocrx_word' id='word_1_257' title='bbox 1053 2789 1181 2847; x_wconf 86' lang='lat' dir='ltr'>cumque</span> <span class='ocrx_word' id='word_1_258' title='bbox 1215 2773 1297 2830; x_wconf 92' lang='lat' dir='ltr'>haud</span> <span class='ocrx_word' id='word_1_259' title='bbox 1327 2773 1470 2847; x_wconf 88' lang='lat' dir='ltr'>ignorem,</span> 
     </span>
     <span class='ocr_line' id='line_1_27' title="bbox 197 2861 1472 2936; baseline 0.001 -17"><span class='ocrx_word' id='word_1_260' title='bbox 197 2862 265 2936; x_wconf 89' lang='lat' dir='ltr'>quid</span> <span class='ocrx_word' id='word_1_261' title='bbox 301 2861 468 2919; x_wconf 90' lang='lat' dir='ltr'>adversarii</span> <span class='ocrx_word' id='word_1_262' title='bbox 501 2861 598 2919; x_wconf 91' lang='lat' dir='ltr'>nostri</span> <span class='ocrx_word' id='word_1_263' title='bbox 633 2861 805 2936; x_wconf 92' lang='lat' dir='ltr'>opposituri</span> <span class='ocrx_word' id='word_1_264' title='bbox 840 2862 910 2929; x_wconf 90' lang='lat' dir='ltr'>sint,</span> <span class='ocrx_word' id='word_1_265' title='bbox 942 2861 1004 2918; x_wconf 90' lang='lat' dir='ltr'>iam</span> <span class='ocrx_word' id='word_1_266' title='bbox 1033 2861 1108 2918; x_wconf 93' lang='lat' dir='ltr'>illud</span> <span class='ocrx_word' id='word_1_267' title='bbox 1139 2861 1233 2919; x_wconf 90' lang='lat' dir='ltr'>telum</span> <span class='ocrx_word' id='word_1_268' title='bbox 1263 2862 1308 2919; x_wconf 90' lang='lat' dir='ltr'>eis</span> <span class='ocrx_word' id='word_1_269' title='bbox 1339 2863 1472 2936; x_wconf 90' lang='lat' dir='ltr'>eripiam.</span> 
     </span>
     <span class='ocr_line' id='line_1_28' title="bbox 196 2949 1474 3026; baseline 0.001 -19"><span class='ocrx_word' id='word_1_270' title='bbox 196 2950 358 3024; x_wconf 86' lang='lat' dir='ltr'>Negabunt</span> <span class='ocrx_word' id='word_1_271' title='bbox 374 2967 411 3008; x_wconf 89' lang='lat' dir='ltr'>ex</span> <span class='ocrx_word' id='word_1_272' title='bbox 428 2949 577 3008; x_wconf 92' lang='lat' dir='ltr'>erroribus</span> <span class='ocrx_word' id='word_1_273' title='bbox 594 2967 689 3025; x_wconf 89' lang='lat' dir='ltr'>supra</span> <span class='ocrx_word' id='word_1_274' title='bbox 709 2950 850 3025; x_wconf 90' lang='lat' dir='ltr'>deinceps</span> <span class='ocrx_word' id='word_1_275' title='bbox 868 2950 1085 3008; x_wconf 89' lang='lat' dir='ltr'>demonstratis</span> <span class='ocrx_word' id='word_1_276' title='bbox 1110 2950 1147 3008; x_wconf 91' lang='lat' dir='ltr'>de</span> <span class='ocrx_word' id='word_1_277' title='bbox 1162 2953 1287 3008; x_wconf 89' lang='lat' dir='ltr'>auctore</span> <span class='ocrx_word' id='word_1_278' title='bbox 1310 2952 1474 3026; x_wconf 87' lang='lat' dir='ltr'>quiequam</span> 
     </span>
     <span class='ocr_line' id='line_1_29' title="bbox 197 3039 1472 3119; baseline 0.001 -23"><span class='ocrx_word' id='word_1_279' title='bbox 197 3039 295 3113; x_wconf 82' lang='lat' dir='ltr'>colligi</span> <span class='ocrx_word' id='word_1_280' title='bbox 318 3039 416 3107; x_wconf 90' lang='lat' dir='ltr'>licere,</span> <span class='ocrx_word' id='word_1_281' title='bbox 441 3055 508 3096; x_wconf 88' lang='lat' dir='ltr'>oum</span> <span class='ocrx_word' id='word_1_282' title='bbox 524 3039 778 3097; x_wconf 79' lang='lat' dir='ltr'>Reitzensteinius</span> <span class='ocrx_word' id='word_1_283' title='bbox 802 3040 834 3096; x_wconf 92' lang='lat' dir='ltr'>in</span> <span class='ocrx_word' id='word_1_284' title='bbox 856 3039 943 3107; x_wconf 88' lang='lat' dir='ltr'>libro,</span> <span class='ocrx_word' id='word_1_285' title='bbox 969 3039 1018 3096; x_wconf 89' lang='lat' dir='ltr'>cui</span> <span class='ocrx_word' id='word_1_286' title='bbox 1040 3039 1209 3114; x_wconf 89' lang='lat' dir='ltr'>inscripsit:</span> <span class='ocrx_word' id='word_1_287' title='bbox 1240 3039 1297 3119; x_wconf 65' lang='grc' dir='ltr'>ηΜ.</span> <span class='ocrx_word' id='word_1_288' title='bbox 1314 3039 1472 3098; x_wconf 86' lang='lat' dir='ltr'>Terentius</span> 
     </span>
     <span class='ocr_line' id='line_1_30' title="bbox 197 3123 1476 3203; baseline 0.002 -20"><span class='ocrx_word' id='word_1_289' title='bbox 197 3127 290 3187; x_wconf 91' lang='lat' dir='ltr'>Varro</span> <span class='ocrx_word' id='word_1_290' title='bbox 314 3128 376 3185; x_wconf 91' lang='lat' dir='ltr'>und</span> <span class='ocrx_word' id='word_1_291' title='bbox 393 3127 548 3186; x_wconf 76' lang='lat' dir='ltr'>lohannes</span> <span class='ocrx_word' id='word_1_292' title='bbox 564 3127 730 3203; x_wconf 85' lang='lat' dir='ltr'>Mauropus</span> <span class='ocrx_word' id='word_1_293' title='bbox 746 3145 806 3186; x_wconf 90' lang='lat' dir='ltr'>von</span> <span class='ocrx_word' id='word_1_294' title='bbox 823 3128 973 3185; x_wconf 84' lang='lat' dir='ltr'>Euchaita</span> <span class='ocrx_word' id='word_1_295' title='bbox 995 3123 1099 3186; x_wconf 83' lang='lat'>1901“</span> <span class='ocrx_word' id='word_1_296' title='bbox 1126 3129 1292 3186; x_wconf 90' lang='lat' dir='ltr'>ostenderit</span> <span class='ocrx_word' id='word_1_297' title='bbox 1306 3129 1476 3186; x_wconf 84' lang='lat' dir='ltr'>Varronem</span> 
     </span>
     <span class='ocr_line' id='line_1_31' title="bbox 199 3214 1476 3292; baseline -0.002 -18"><span class='ocrx_word' id='word_1_298' title='bbox 199 3219 337 3274; x_wconf 86' lang='lat' dir='ltr'>auctores</span> <span class='ocrx_word' id='word_1_299' title='bbox 373 3218 411 3275; x_wconf 89' lang='lat' dir='ltr'>ab</span> <span class='ocrx_word' id='word_1_300' title='bbox 442 3216 511 3290; x_wconf 91' lang='lat' dir='ltr'>ipso</span> <span class='ocrx_word' id='word_1_301' title='bbox 542 3216 698 3292; x_wconf 88' lang='lat' dir='ltr'>inspectos</span> <span class='ocrx_word' id='word_1_302' title='bbox 732 3216 913 3275; x_wconf 82' lang='lat' dir='ltr'>festinanter</span> <span class='ocrx_word' id='word_1_303' title='bbox 943 3234 980 3274; x_wconf 90' lang='lat' dir='ltr'>ac</span> <span class='ocrx_word' id='word_1_304' title='bbox 1014 3217 1158 3274; x_wconf 91' lang='lat' dir='ltr'>mendose</span> <span class='ocrx_word' id='word_1_305' title='bbox 1191 3217 1389 3274; x_wconf 87' lang='lat' dir='ltr'>transtulisse</span> <span class='ocrx_word' id='word_1_306' title='bbox 1424 3214 1476 3288; x_wconf 82' lang='lat' dir='ltr'>(cf.</span> 
     </span>
     <span class='ocr_line' id='line_1_32' title="bbox 196 3303 1469 3383; baseline 0 -22"><span class='ocrx_word' id='word_1_307' title='bbox 196 3306 340 3380; x_wconf 88' lang='lat' dir='ltr'>imprimis</span> <span class='ocrx_word' id='word_1_308' title='bbox 364 3323 391 3380; x_wconf 93' lang='lat' dir='ltr'>p.</span> <span class='ocrx_word' id='word_1_309' title='bbox 409 3306 460 3373; x_wconf 78' lang='lat'>37,</span> <span class='ocrx_word' id='word_1_310' title='bbox 494 3305 546 3374; x_wconf 85' lang='lat' dir='ltr'>4v,</span> <span class='ocrx_word' id='word_1_311' title='bbox 579 3306 631 3383; x_wconf 75' lang='lat'>49)</span> <span class='ocrx_word' id='word_1_312' title='bbox 664 3308 756 3381; x_wconf 89' lang='lat' dir='ltr'>atque</span> <span class='ocrx_word' id='word_1_313' title='bbox 787 3306 852 3380; x_wconf 91' lang='lat' dir='ltr'>ipse</span> <span class='ocrx_word' id='word_1_314' title='bbox 877 3303 915 3380; x_wconf 80' lang='lat' dir='ltr'>(p.</span> <span class='ocrx_word' id='word_1_315' title='bbox 933 3304 984 3372; x_wconf 80' lang='lat'>59,</span> <span class='ocrx_word' id='word_1_316' title='bbox 1017 3305 1120 3362; x_wconf 84' lang='lat' dir='ltr'>adnot</span> <span class='ocrx_word' id='word_1_317' title='bbox 1138 3305 1167 3382; x_wconf 72' lang='lat'>2)</span> <span class='ocrx_word' id='word_1_318' title='bbox 1198 3305 1469 3371; x_wconf 84' lang='lat' dir='ltr'>animadverterim,</span> 
     </span>
     <span class='ocr_line' id='line_1_33' title="bbox 198 3393 1476 3469; baseline -0.001 -18"><span class='ocrx_word' id='word_1_319' title='bbox 198 3412 287 3468; x_wconf 91' lang='lat' dir='ltr'>quam</span> <span class='ocrx_word' id='word_1_320' title='bbox 311 3412 374 3453; x_wconf 93' lang='lat' dir='ltr'>non</span> <span class='ocrx_word' id='word_1_321' title='bbox 388 3394 483 3452; x_wconf 87' lang='lat' dir='ltr'>Varro</span> <span class='ocrx_word' id='word_1_322' title='bbox 508 3394 738 3469; x_wconf 89' lang='lat' dir='ltr'>dispositionem</span> <span class='ocrx_word' id='word_1_323' title='bbox 762 3393 893 3468; x_wconf 90' lang='lat' dir='ltr'>abipso</span> <span class='ocrx_word' id='word_1_324' title='bbox 917 3394 1066 3451; x_wconf 87' lang='lat' dir='ltr'>statutam</span> <span class='ocrx_word' id='word_1_325' title='bbox 1088 3393 1261 3468; x_wconf 85' lang='lat' dir='ltr'>respexerit.</span> <span class='ocrx_word' id='word_1_326' title='bbox 1307 3393 1390 3450; x_wconf 90' lang='lat' dir='ltr'>Haec</span> <span class='ocrx_word' id='word_1_327' title='bbox 1412 3393 1476 3450; x_wconf 88' lang='lat' dir='ltr'>hac</span> 
     </span>
     <span class='ocr_line' id='line_1_34' title="bbox 196 3481 1469 3558; baseline -0.002 -18"><span class='ocrx_word' id='word_1_328' title='bbox 196 3483 226 3540; x_wconf 90' lang='lat' dir='ltr'>in</span> <span class='ocrx_word' id='word_1_329' title='bbox 249 3500 279 3540; x_wconf 93' lang='lat' dir='ltr'>re</span> <span class='ocrx_word' id='word_1_330' title='bbox 311 3501 401 3558; x_wconf 90' lang='lat' dir='ltr'>quam</span> <span class='ocrx_word' id='word_1_331' title='bbox 433 3482 507 3541; x_wconf 92' lang='lat' dir='ltr'>nihil</span> <span class='ocrx_word' id='word_1_332' title='bbox 530 3482 664 3552; x_wconf 87' lang='lat' dir='ltr'>valeant,</span> <span class='ocrx_word' id='word_1_333' title='bbox 698 3482 800 3541; x_wconf 87' lang='lat' dir='ltr'>statim</span> <span class='ocrx_word' id='word_1_334' title='bbox 825 3482 990 3556; x_wconf 83' lang='lat' dir='ltr'>apparebit</span> <span class='ocrx_word' id='word_1_335' title='bbox 1036 3482 1162 3556; x_wconf 92' lang='lat' dir='ltr'>Propter</span> <span class='ocrx_word' id='word_1_336' title='bbox 1188 3482 1219 3539; x_wconf 92' lang='lat' dir='ltr'>id</span> <span class='ocrx_word' id='word_1_337' title='bbox 1249 3482 1350 3556; x_wconf 87' lang='lat' dir='ltr'>ipsum</span> <span class='ocrx_word' id='word_1_338' title='bbox 1381 3481 1469 3549; x_wconf 92' lang='lat' dir='ltr'>enim,</span> 
     </span>
     <span class='ocr_line' id='line_1_35' title="bbox 198 3570 1477 3647; baseline -0.002 -19"><span class='ocrx_word' id='word_1_339' title='bbox 198 3572 277 3646; x_wconf 93' lang='lat' dir='ltr'>quod</span> <span class='ocrx_word' id='word_1_340' title='bbox 301 3573 376 3630; x_wconf 93' lang='lat' dir='ltr'>haec</span> <span class='ocrx_word' id='word_1_341' title='bbox 400 3572 513 3647; x_wconf 90' lang='lat' dir='ltr'>opponi</span> <span class='ocrx_word' id='word_1_342' title='bbox 529 3574 669 3646; x_wconf 89' lang='lat' dir='ltr'>possunt,</span> <span class='ocrx_word' id='word_1_343' title='bbox 696 3589 790 3646; x_wconf 91' lang='lat' dir='ltr'>supra</span> <span class='ocrx_word' id='word_1_344' title='bbox 811 3571 924 3646; x_wconf 89' lang='lat' dir='ltr'>ubique</span> <span class='ocrx_word' id='word_1_345' title='bbox 949 3570 1068 3629; x_wconf 89' lang='lat' dir='ltr'>ostendi</span> <span class='ocrx_word' id='word_1_346' title='bbox 1083 3590 1120 3629; x_wconf 90' lang='lat' dir='ltr'>ae</span> <span class='ocrx_word' id='word_1_347' title='bbox 1144 3571 1328 3646; x_wconf 88' lang='lat' dir='ltr'>praedicavi,</span> <span class='ocrx_word' id='word_1_348' title='bbox 1354 3573 1477 3646; x_wconf 89' lang='lat' dir='ltr'>quanta.</span> 
     </span>
     <span class='ocr_line' id='line_1_36' title="bbox 196 3659 1544 3738; baseline -0.001 -21"><span class='ocrx_word' id='word_1_349' title='bbox 196 3660 352 3735; x_wconf 82' lang='lat' dir='ltr'>diligentia</span> <span class='ocrx_word' id='word_1_350' title='bbox 375 3679 411 3719; x_wconf 91' lang='lat' dir='ltr'>ac</span> <span class='ocrx_word' id='word_1_351' title='bbox 428 3661 598 3734; x_wconf 86' lang='lat' dir='ltr'>sagacitate</span> <span class='ocrx_word' id='word_1_352' title='bbox 613 3662 650 3737; x_wconf 83' lang='lat' dir='ltr'>is,</span> <span class='ocrx_word' id='word_1_353' title='bbox 676 3661 728 3735; x_wconf 92' lang='lat' dir='ltr'>qui</span> <span class='ocrx_word' id='word_1_354' title='bbox 744 3661 852 3719; x_wconf 90' lang='lat' dir='ltr'>horum</span> <span class='ocrx_word' id='word_1_355' title='bbox 867 3660 1002 3718; x_wconf 90' lang='lat' dir='ltr'>omnium</span> <span class='ocrx_word' id='word_1_356' title='bbox 1024 3662 1073 3718; x_wconf 90' lang='lat' dir='ltr'>est</span> <span class='ocrx_word' id='word_1_357' title='bbox 1095 3662 1211 3727; x_wconf 92' lang='lat' dir='ltr'>auctor,</span> <span class='ocrx_word' id='word_1_358' title='bbox 1229 3659 1470 3734; x_wconf 87' lang='lat' dir='ltr'>Theophrastum</span> <span class='ocrx_word' id='word_1_359' title='bbox 1542 3734 1544 3738; x_wconf 23' lang='grc' dir='ltr'>Ι</span> 
     </span>
     <span class='ocr_line' id='line_1_37' title="bbox 197 3749 1471 3825; baseline -0.001 -19"><span class='ocrx_word' id='word_1_360' title='bbox 197 3750 383 3824; x_wconf 86' lang='lat' dir='ltr'>expresserit,</span> <span class='ocrx_word' id='word_1_361' title='bbox 410 3753 527 3825; x_wconf 90' lang='lat' dir='ltr'>quanta</span> <span class='ocrx_word' id='word_1_362' title='bbox 549 3767 620 3808; x_wconf 92' lang='lat' dir='ltr'>vero</span> <span class='ocrx_word' id='word_1_363' title='bbox 644 3749 833 3824; x_wconf 84' lang='lat' dir='ltr'>neglegentia</span> <span class='ocrx_word' id='word_1_364' title='bbox 855 3767 892 3806; x_wconf 89' lang='lat' dir='ltr'>ac</span> <span class='ocrx_word' id='word_1_365' title='bbox 916 3749 1039 3807; x_wconf 83' lang='lat' dir='ltr'>levitate</span> <span class='ocrx_word' id='word_1_366' title='bbox 1062 3749 1166 3807; x_wconf 89' lang='lat' dir='ltr'>eadem</span> <span class='ocrx_word' id='word_1_367' title='bbox 1190 3767 1209 3806; x_wconf 95' lang='lat' dir='ltr'>a</span> <span class='ocrx_word' id='word_1_368' title='bbox 1231 3749 1365 3807; x_wconf 87' lang='lat' dir='ltr'>Varrone</span> <span class='ocrx_word' id='word_1_369' title='bbox 1389 3766 1471 3806; x_wconf 91' lang='lat' dir='ltr'>oom-</span> 
     </span>
     <span class='ocr_line' id='line_1_38' title="bbox 196 3837 1477 3914; baseline 0 -18"><span class='ocrx_word' id='word_1_370' title='bbox 196 3838 299 3912; x_wconf 89' lang='lat' dir='ltr'>posita</span> <span class='ocrx_word' id='word_1_371' title='bbox 323 3839 391 3896; x_wconf 90' lang='lat' dir='ltr'>sint</span> <span class='ocrx_word' id='word_1_372' title='bbox 438 3839 544 3914; x_wconf 92' lang='lat' dir='ltr'>ltaque</span> <span class='ocrx_word' id='word_1_373' title='bbox 567 3839 688 3896; x_wconf 91' lang='lat' dir='ltr'>minime</span> <span class='ocrx_word' id='word_1_374' title='bbox 712 3839 787 3896; x_wconf 90' lang='lat' dir='ltr'>solis</span> <span class='ocrx_word' id='word_1_375' title='bbox 811 3837 871 3895; x_wconf 87' lang='lat' dir='ltr'>illis</span> <span class='ocrx_word' id='word_1_376' title='bbox 896 3839 1045 3896; x_wconf 88' lang='lat' dir='ltr'>erroribus</span> <span class='ocrx_word' id='word_1_377' title='bbox 1069 3838 1157 3914; x_wconf 87' lang='lat' dir='ltr'>nitor,</span> <span class='ocrx_word' id='word_1_378' title='bbox 1187 3838 1239 3895; x_wconf 90' lang='lat' dir='ltr'>sed</span> <span class='ocrx_word' id='word_1_379' title='bbox 1264 3837 1355 3895; x_wconf 90' lang='lat' dir='ltr'>etiam</span> <span class='ocrx_word' id='word_1_380' title='bbox 1379 3841 1477 3913; x_wconf 91' lang='lat' dir='ltr'>atque·</span> 
     </span>
     <span class='ocr_line' id='line_1_39' title="bbox 195 3926 1472 4003; baseline 0.001 -20"><span class='ocrx_word' id='word_1_381' title='bbox 195 3928 225 3983; x_wconf 95' lang='lat' dir='ltr'>id</span> <span class='ocrx_word' id='word_1_382' title='bbox 248 3928 386 3993; x_wconf 91' lang='lat' dir='ltr'>maxime,</span> <span class='ocrx_word' id='word_1_383' title='bbox 412 3931 447 3985; x_wconf 91' lang='lat' dir='ltr'>ut</span> <span class='ocrx_word' id='word_1_384' title='bbox 469 3928 513 3985; x_wconf 86' lang='lat' dir='ltr'>ita</span> <span class='ocrx_word' id='word_1_385' title='bbox 529 3928 636 3996; x_wconf 86' lang='lat' dir='ltr'>dicam,</span> <span class='ocrx_word' id='word_1_386' title='bbox 663 3927 868 4003; x_wconf 88' lang='lat' dir='ltr'>discrepantia</span> <span class='ocrx_word' id='word_1_387' title='bbox 883 3926 938 3986; x_wconf 91' lang='lat' dir='ltr'>illa</span> <span class='ocrx_word' id='word_1_388' title='bbox 953 3926 1178 4002; x_wconf 87' lang='lat' dir='ltr'>psychologiea,</span> <span class='ocrx_word' id='word_1_389' title='bbox 1204 3944 1283 4002; x_wconf 88' lang='lat' dir='ltr'>quae</span> <span class='ocrx_word' id='word_1_390' title='bbox 1307 3928 1472 3985; x_wconf 87' lang='lat' dir='ltr'>statuenda</span> 
     </span>
     <span class='ocr_line' id='line_1_40' title="bbox 195 4016 1471 4090; baseline -0.001 -16"><span class='ocrx_word' id='word_1_391' title='bbox 195 4019 285 4083; x_wconf 88' lang='lat' dir='ltr'>esset,</span> <span class='ocrx_word' id='word_1_392' title='bbox 312 4016 339 4073; x_wconf 94' lang='lat' dir='ltr'>si</span> <span class='ocrx_word' id='word_1_393' title='bbox 362 4017 528 4074; x_wconf 87' lang='lat' dir='ltr'>Varronem</span> <span class='ocrx_word' id='word_1_394' title='bbox 552 4017 792 4090; x_wconf 91' lang='lat' dir='ltr'>Theophrastum</span> <span class='ocrx_word' id='word_1_395' title='bbox 824 4016 1053 4090; x_wconf 89' lang='lat' dir='ltr'>diligentissime</span> <span class='ocrx_word' id='word_1_396' title='bbox 1084 4016 1281 4090; x_wconf 86' lang='lat' dir='ltr'>expressisse,</span> <span class='ocrx_word' id='word_1_397' title='bbox 1314 4018 1347 4073; x_wconf 91' lang='lat' dir='ltr'>at</span> <span class='ocrx_word' id='word_1_398' title='bbox 1370 4017 1471 4090; x_wconf 89' lang='lat' dir='ltr'>negle-</span> 
     </span>
     <span class='ocr_line' id='line_1_41' title="bbox 195 4101 1473 4180; baseline -0.001 -18"><span class='ocrx_word' id='word_1_399' title='bbox 195 4101 379 4178; x_wconf 82' lang='lat' dir='ltr'>gentissime,</span> <span class='ocrx_word' id='word_1_400' title='bbox 405 4123 485 4180; x_wconf 90' lang='lat' dir='ltr'>quae</span> <span class='ocrx_word' id='word_1_401' title='bbox 501 4108 700 4180; x_wconf 88' lang='lat' dir='ltr'>excerpserat,</span> <span class='ocrx_word' id='word_1_402' title='bbox 726 4106 937 4179; x_wconf 90' lang='lat' dir='ltr'>composuisse</span> <span class='ocrx_word' id='word_1_403' title='bbox 954 4108 1137 4180; x_wconf 90' lang='lat' dir='ltr'>putaremus.</span> <span class='ocrx_word' id='word_1_404' title='bbox 1166 4105 1249 4175; x_wconf 80' lang='lat' dir='ltr'>Quae</span> <span class='ocrx_word' id='word_1_405' title='bbox 1265 4105 1473 4179; x_wconf 89' lang='lat' dir='ltr'>discrepantia</span> 
     </span>
     <span class='ocr_line' id='line_1_42' title="bbox 195 4193 1472 4268; baseline 0 -18"><span class='ocrx_word' id='word_1_406' title='bbox 195 4194 311 4252; x_wconf 90' lang='lat' dir='ltr'>ratione</span> <span class='ocrx_word' id='word_1_407' title='bbox 335 4212 413 4252; x_wconf 91' lang='lat' dir='ltr'>sana</span> <span class='ocrx_word' id='word_1_408' title='bbox 436 4194 580 4268; x_wconf 89' lang='lat' dir='ltr'>explicari</span> <span class='ocrx_word' id='word_1_409' title='bbox 602 4211 664 4251; x_wconf 94' lang='lat' dir='ltr'>non</span> <span class='ocrx_word' id='word_1_410' title='bbox 680 4196 791 4268; x_wconf 88' lang='lat' dir='ltr'>potest,</span> <span class='ocrx_word' id='word_1_411' title='bbox 817 4196 925 4252; x_wconf 86' lang='lat' dir='ltr'>contra</span> <span class='ocrx_word' id='word_1_412' title='bbox 938 4194 1064 4261; x_wconf 91' lang='lat' dir='ltr'>tollitur,</span> <span class='ocrx_word' id='word_1_413' title='bbox 1089 4193 1117 4250; x_wconf 89' lang='lat' dir='ltr'>si</span> <span class='ocrx_word' id='word_1_414' title='bbox 1132 4194 1283 4252; x_wconf 91' lang='lat' dir='ltr'>hominem</span> <span class='ocrx_word' id='word_1_415' title='bbox 1300 4193 1472 4268; x_wconf 90' lang='lat' dir='ltr'>diligentem</span> 
     </span>
     <span class='ocr_line' id='line_1_43' title="bbox 196 4281 1284 4358; baseline 0.001 -19"><span class='ocrx_word' id='word_1_416' title='bbox 196 4281 335 4340; x_wconf 82' lang='lat' dir='ltr'>Cassium</span> <span class='ocrx_word' id='word_1_417' title='bbox 358 4283 547 4358; x_wconf 89' lang='lat' dir='ltr'>Dionysium,</span> <span class='ocrx_word' id='word_1_418' title='bbox 573 4282 778 4357; x_wconf 89' lang='lat' dir='ltr'>neglegentem</span> <span class='ocrx_word' id='word_1_419' title='bbox 801 4283 966 4340; x_wconf 87' lang='lat' dir='ltr'>Varronem</span> <span class='ocrx_word' id='word_1_420' title='bbox 988 4283 1085 4340; x_wconf 88' lang='lat' dir='ltr'>fuisse</span> <span class='ocrx_word' id='word_1_421' title='bbox 1109 4284 1284 4340; x_wconf 87' lang='lat' dir='ltr'>statuimus.</span> 
     </span>
    </p>
   </div>
   <div class='ocr_carea' id='block_1_4' title="bbox 194 4452 1474 4722">
    <p class='ocr_par' dir='ltr' id='par_1_5' title="bbox 194 4452 1474 4722">
     <span class='ocr_line' id='line_1_44' title="bbox 303 4452 1471 4524; baseline -0.003 -16"><span class='ocrx_word' id='word_1_422' title='bbox 303 4454 320 4523; x_wconf 82' lang='lat'>¹)</span> <span class='ocrx_word' id='word_1_423' title='bbox 340 4454 426 4509; x_wconf 82' lang='lat' dir='ltr'>Cassii</span> <span class='ocrx_word' id='word_1_424' title='bbox 444 4454 571 4523; x_wconf 90' lang='lat' dir='ltr'>Dionysii</span> <span class='ocrx_word' id='word_1_425' title='bbox 596 4456 736 4524; x_wconf 89' lang='lat' dir='ltr'>proprium</span> <span class='ocrx_word' id='word_1_426' title='bbox 761 4454 847 4510; x_wconf 86' lang='lat' dir='ltr'>fuisse</span> <span class='ocrx_word' id='word_1_427' title='bbox 865 4455 975 4508; x_wconf 90' lang='lat' dir='ltr'>videtur</span> <span class='ocrx_word' id='word_1_428' title='bbox 993 4471 1052 4508; x_wconf 89' lang='lat' dir='ltr'>rem</span> <span class='ocrx_word' id='word_1_429' title='bbox 1069 4454 1227 4508; x_wconf 89' lang='lat' dir='ltr'>universam</span> <span class='ocrx_word' id='word_1_430' title='bbox 1246 4455 1322 4508; x_wconf 89' lang='lat' dir='ltr'>certo</span> <span class='ocrx_word' id='word_1_431' title='bbox 1342 4452 1471 4521; x_wconf 89' lang='lat' dir='ltr'>exemplo</span> 
     </span>
     <span class='ocr_line' id='line_1_45' title="bbox 194 4522 1474 4596; baseline -0.001 -17"><span class='ocrx_word' id='word_1_432' title='bbox 194 4525 341 4581; x_wconf 89' lang='lat' dir='ltr'>illustrare.</span> <span class='ocrx_word' id='word_1_433' title='bbox 374 4525 453 4579; x_wconf 83' lang='lat' dir='ltr'>Sicut</span> <span class='ocrx_word' id='word_1_434' title='bbox 465 4527 539 4580; x_wconf 90' lang='lat' dir='ltr'>enim</span> <span class='ocrx_word' id='word_1_435' title='bbox 551 4525 596 4580; x_wconf 91' lang='lat' dir='ltr'>hie</span> <span class='ocrx_word' id='word_1_436' title='bbox 608 4527 694 4580; x_wconf 86' lang='lat' dir='ltr'>ficum</span> <span class='ocrx_word' id='word_1_437' title='bbox 707 4526 800 4591; x_wconf 86' lang='lat' dir='ltr'>affert,</span> <span class='ocrx_word' id='word_1_438' title='bbox 820 4525 889 4592; x_wconf 88' lang='grc'><strong>140,</strong></span> <span class='ocrx_word' id='word_1_439' title='bbox 899 4526 916 4580; x_wconf 86' lang='grc'>5</span> <span class='ocrx_word' id='word_1_440' title='bbox 928 4525 1018 4596; x_wconf 93' lang='lat' dir='ltr'>pirum</span> <span class='ocrx_word' id='word_1_441' title='bbox 1031 4531 1060 4579; x_wconf 89' lang='lat' dir='ltr'>et</span> <span class='ocrx_word' id='word_1_442' title='bbox 1072 4542 1212 4595; x_wconf 89' lang='lat' dir='ltr'>quereum,</span> <span class='ocrx_word' id='word_1_443' title='bbox 1231 4523 1295 4580; x_wconf 89' lang='lat' dir='ltr'>ibid.</span> <span class='ocrx_word' id='word_1_444' title='bbox 1308 4524 1325 4592; x_wconf 60' lang='grc' dir='ltr'>ἃ</span> <span class='ocrx_word' id='word_1_445' title='bbox 1337 4523 1355 4578; x_wconf 88' lang='grc'><strong>6</strong></span> <span class='ocrx_word' id='word_1_446' title='bbox 1367 4522 1474 4578; x_wconf 87' lang='lat' dir='ltr'>malum</span> 
     </span>
     <span class='ocr_line' id='line_1_46' title="bbox 194 4593 1472 4722; baseline -0.002 -72"><span class='ocrx_word' id='word_1_447' title='bbox 194 4596 541 4722; x_wconf 26' lang='lat' dir='ltr'>keffffipkehssloeprgssrerciitgmnee</span> <span class='ocrx_word' id='word_1_448' title='bbox 568 4613 625 4652; x_wconf 91' lang='lat' dir='ltr'>non</span> <span class='ocrx_word' id='word_1_449' title='bbox 648 4596 719 4650; x_wconf 89' lang='lat' dir='ltr'>haec</span> <span class='ocrx_word' id='word_1_450' title='bbox 742 4598 826 4651; x_wconf 90' lang='lat' dir='ltr'>etiam</span> <span class='ocrx_word' id='word_1_451' title='bbox 851 4601 895 4651; x_wconf 87' lang='lat' dir='ltr'>est</span> <span class='ocrx_word' id='word_1_452' title='bbox 920 4613 1012 4659; x_wconf 89' lang='lat' dir='ltr'>causa,</span> <span class='ocrx_word' id='word_1_453' title='bbox 1039 4613 1088 4651; x_wconf 88' lang='lat' dir='ltr'>eur</span> <span class='ocrx_word' id='word_1_454' title='bbox 1105 4596 1201 4662; x_wconf 81' lang='grc' dir='ltr'><strong>Ι44,4</strong></span> <span class='ocrx_word' id='word_1_455' title='bbox 1219 4596 1262 4664; x_wconf 88' lang='lat' dir='ltr'>(cf.</span> <span class='ocrx_word' id='word_1_456' title='bbox 1281 4611 1307 4664; x_wconf 93' lang='lat' dir='ltr'>p.</span> <span class='ocrx_word' id='word_1_457' title='bbox 1320 4594 1354 4648; x_wconf 89' lang='grc'>41</span> <span class='ocrx_word' id='word_1_458' title='bbox 1366 4593 1415 4665; x_wconf 84' lang='lat' dir='ltr'>sq.)</span> <span class='ocrx_word' id='word_1_459' title='bbox 1435 4595 1472 4648; x_wconf 87' lang='lat' dir='ltr'>ad</span> 
     </span>
    </p>
   </div>
   <div class='ocr_carea' id='block_1_5' title="bbox 0 0 1769 5342">
    <p class='ocr_par' dir='ltr' id='par_1_6' title="bbox 0 0 1769 5342">
     <span class='ocr_line' id='line_1_47' title="bbox 0 0 1769 5342; baseline 0 0"><span class='ocrx_word' id='word_1_460' title='bbox 0 0 1769 5342; x_wconf 95' lang='lat' dir='ltr'> </span> 
     </span>
    </p>
   </div>
  </div>
 </body>
</html>
