3525 5342
826 364 1040 426 *23-

400 547 435 604 Α.
452 547 480 604 h.
497 565 524 604 a.
542 545 708 615 626a,15:
731 542 785 605 καὶ
808 543 873 614 ἔξω
895 541 956 623 μὲν
978 542 1050 604 οὔτε
1073 542 1209 624 ἀλλήλας
1232 507 1397 606 ἀθικοῦσιν
1420 544 1492 606 οὔτε
1506 548 1572 606 τῶν

284 632 395 695 ἄλλων
418 631 525 704 οῦθέν,
548 631 585 694 τὰ
610 632 644 695 dt
666 631 749 712 πρὸς
770 636 817 712 τῷ
840 632 951 713 σμήνει
974 630 1220 703 ἀποκτείνουσιν,
1244 628 1293 694 ὧν
1308 633 1349 695 ἂν
1363 633 1570 714 κρατήσωσιν.

290 723 442 800 (Auctoris
459 723 495 800 D(
519 757 563 766 -
586 725 619 782 ln
643 741 678 781 eo
702 725 831 790 tantum,
857 723 939 798 qnod
963 740 1038 797 apes
1061 722 1218 781 maleficae
1241 741 1303 782 non
1326 741 1395 782 esse
1421 725 1569 791 dicuntur,

288 815 384 872 verba
407 815 585 887 congruunt.

401 902 429 960 3.
455 902 488 960 V.
505 903 589 960 ibid.:
616 917 799 981 „quaecum
816 918 914 959 causa
929 918 1113 958 musarum
1135 919 1205 960 esse
1221 901 1364 959 dicuntur
1386 901 1569 970 volucres,

286 992 372 1067 quod
395 995 433 1060 et,
460 990 633 1066 siquando
657 989 904 1064 displicitac
927 991 1038 1057 sunt,
1065 991 1265 1065 cymbalis
1289 994 1327 1048 et
1349 991 1570 1065 plausibus

289 1097 412 1139 numero
425 1077 447 1158 1)
470 1080 619 1138 reducunt
641 1079 680 1136 in
703 1079 833 1137 locum
855 1075 1003 1136 unum“.

400 1170 435 1227 A.
451 1169 479 1226 h.
496 1187 523 1226 a.
541 1168 640 1237 627a,
655 1167 708 1226 15:
740 1164 872 1228 δοκοῦσι
896 1163 931 1227 ὄλ
954 1165 1075 1246 χαίρειν
1096 1165 1131 1227 σί
1151 1165 1287 1246 μέλιτται
1308 1166 1363 1228 καλ
1384 1170 1432 1246 τῷ
1454 1165 1571 1248 κρότῳ,

288 1254 339 1319 διὸ
362 1254 417 1318 καὶ
438 1255 625 1336 κροτοῦντές
648 1276 725 1336 φασι
749 1253 911 1335 ἀθροίζειν
933 1252 1032 1323 αῦτὰς
1058 1255 1111 1323 είς
1132 1252 1174 1316 τὸ
1197 1260 1343 1335 σμῆνος
1370 1253 1573 1336 ὀστράκοις

285 1368 327 1407 τε
357 1343 426 1406 καὶ
458 1343 626 1425 ψήφοις.
666 1346 818 1422 (Auctoris
843 1343 886 1422 n)
911 1379 952 1387 —
976 1345 1100 1403 Praeter
1128 1348 1238 1403 notata
1268 1345 1328 1405 loci
1358 1347 1504 1422 imprimis
1535 1364 1571 1404 eo

290 1436 442 1504 differunt,
469 1434 550 1510 quod
573 1434 719 1494 Varronis
743 1436 852 1509 poetae
875 1435 938 1493 fere
960 1437 1041 1492 sunt

401 1524 429 1582 4.
453 1524 489 1582 V.
505 1523 576 1581 ibid.
593 1524 626 1582 8:
661 1540 780 1604 „regem
813 1540 904 1581 suum
934 1526 1088 1591 secuntur,
1123 1540 1314 1599 quocumque
1336 1524 1370 1592 it,
1403 1526 1434 1583 ct
1455 1524 1572 1583 iessum

290 1613 461 1681 sublevant,
486 1617 517 1671 et
533 1613 559 1670 si
575 1613 682 1688 nequit
696 1611 808 1680 volare,
828 1612 1008 1681 succollant,
1026 1613 1120 1687 quod
1144 1630 1220 1670 cum
1244 1630 1392 1671 servare
1407 1609 1571 1673 volunt“.

399 1703 434 1759 A.
455 1702 483 1761 h.
505 1719 532 1760 a.
554 1701 720 1778 624a‚27:
755 1697 834 1780 φασὶ
866 1697 902 1760 δὲ
935 1698 990 1761 καὶ
1023 1696 1078 1760 ἐὰν
1113 1698 1329 1782 ἀποπλανηθῇ
1363 1699 1383 1762 ὅ
1417 1699 1571 1782 ἀφεσμός,

285 1787 515 1868 ἀνιχνευούσας
537 1788 694 1869 μεταθεῖν,
726 1788 790 1856 ἕως
813 1788 853 1850 ἂν
875 1788 994 1868 εὕρωσι
1020 1786 1076 1850 τὸν
1102 1787 1244 1869 ἡγεμόνα
1266 1794 1305 1870 τῇ
1329 1788 1424 1871 ὀσμῇ.
1454 1789 1571 1869 λέγεται

286 1875 401 1939 δὲκαὶ
424 1877 578 1958 φέρεσθαι
601 1876 699 1940 αῦτὸν
720 1875 785 1939 ὑπὸ
804 1881 861 1938 τοῦ
885 1877 995 1957 ἑσμοῦ,
1019 1876 1108 1939 ὅταν
1129 1876 1311 1940 πέτεσθαι
1332 1877 1383 1958 μὴ
1408 1876 1571 1959 δύνηται.

287 1965 441 2042 (Auctoris
464 1970 509 2045 Α.)
534 2003 577 2012 -
601 1969 698 2027 Maior
730 1969 934 2042 discrepantia
963 1968 994 2025 in
1025 1986 1061 2026 eo
1093 1972 1149 2036 est,
1183 1969 1265 2044 quod
1296 1970 1377 2043 apud
1407 1969 1572 2028 Varronem

287 2075 363 2131 apes
388 2076 407 2115 a
430 2075 499 2132 rege
522 2075 584 2116 non
608 2055 859 2132 coenaverunt(

373 2143 375 2149 '
402 2147 429 2204 5.
453 2147 487 2204 V.
504 2147 575 2204 ibid.
593 2146 625 2204 9:
653 2147 840 2226 „conficiunt
855 2146 1004 2221 quaedam
1028 2147 1067 2203 ad
1090 2163 1196 2204 vocem
1212 2149 1248 2203 ut
1261 2147 1432 2205 imitatione
1447 2142 1570 2204 tubae“.

401 2238 435 2293 A.
457 2237 485 2296 h.
507 2255 533 2293 a.
556 2235 654 2302 627a,
667 2236 722 2293 24:
761 2232 891 2313 ὄρθριαι
926 2231 962 2294 dd
996 2236 1167 2304 σιωπῶσιν,
1203 2233 1267 2301 ἕως
1300 2234 1341 2295 ἂν
1374 2232 1431 2314 μία
1468 2232 1569 2314 ἐγείρῃ

287 2322 480 2402 βομβήσασα
501 2322 548 2391 θὶς
571 2324 590 2403 ἢ
613 2321 687 2402 τρὶς.
710 2321 778 2384 τότε
802 2321 891 2384 θ’ἐπ’
915 2322 1011 2402 ἔργον
1034 2320 1153 2401 ἀθρόαι
1175 2321 1328 2392 πέτονται,
1350 2321 1405 2383 καί
1420 2321 1572 2384 ἐλθοῦσαι

283 2410 380 2472 πάλιν
403 2410 584 2492 θορυβοῦσι
606 2409 641 2473 τὸ
664 2416 802 2491 πρῶτον,
832 2409 914 2472 κατὰ
937 2409 1055 2492 μικρὸν
1078 2407 1223 2491 δ’ήτιον,
1255 2410 1319 2478 ἕως
1341 2411 1382 2473 ἂν
1404 2411 1461 2491 μία
1484 2433 1570 2489 περι-

288 2499 444 2580 πετομὲνη
466 2500 617 2582 βομβήση
639 2499 749 2581 ὥσπερ
770 2501 970 2580 σημαίνουσα
989 2498 1176 2561 καθεύθειν·
1201 2496 1252 2561 εἶτ’
1273 2498 1422 2580 ἐξαπίνης
1442 2504 1570 2562 σιωπῶ-

285 2611 345 2650 σιν.
382 2589 534 2666 (Auctoris
550 2590 591 2668 Ε.)
616 2625 660 2632 -
683 2591 767 2649 Certe
790 2591 935 2649 Varronis
966 2593 1061 2649 verba
1091 2591 1255 2659 eiusmodi,
1287 2591 1420 2648 fortasse
1449 2591 1571 2649 easdem

287 2697 336 2737 res
360 2683 507 2755 spectant.

398 2769 426 2826 6.
449 2770 484 2827 V.
500 2770 571 2827 ibid.
592 2769 645 2826 12:
682 2768 858 2845 „(mellaria)
883 2785 952 2826 esse
975 2771 1097 2844 oportet
1119 2786 1188 2826 aere
1206 2760 1256 2851 [et]
1271 2771 1450 2842 temperato,
1475 2786 1572 2844 neque

290 2860 409 2915 aestate
379 2858 547 2916 tiervido
571 2876 669 2932 neque
692 2857 789 2915 hieme
812 2875 874 2916 non
898 2857 1009 2932 aprico.
1048 2860 1088 2914 ut
1110 2861 1256 2932 spectet
1278 2858 1512 2932 potissimum
1528 2857 1571 2914 ad

221 2960 223 2964 ’
288 2947 464 3004 hibernos
488 2949 622 3006 ortus‘t

397 3037 431 3094 A.
448 3036 477 3093 h.
493 3054 520 3094 a
538 3036 640 3103 Aaou,
659 3035 714 3093 22:
745 3032 843 3102 τόπος
874 3032 903 3094 θ’
922 3034 955 3095 ἐν
978 3038 1024 3114 τῷ
1046 3033 1147 3113 πνίγει
1167 3031 1214 3114 μή
1239 3032 1386 3104 ἀλεεινός,
1411 3033 1444 3094 ἐν
1468 3032 1502 3095 di
1526 3037 1572 3112 τῷ

286 3125 423 3202 χειμῶνι
446 3121 584 3191 ἀλεεινός
608 3122 760 3201 (Fortasse
783 3123 975 3201 Aristotelis(

399 3219 425 3276 7.
450 3213 484 3272 V
501 3213 571 3271 ibid
592 3213 645 3271 13
672 3213 719 3293 „si
742 3214 888 3289 pabulum
911 3214 1050 3272 naturale
1066 3231 1128 3271 non
1144 3214 1201 3279 est,
1227 3230 1264 3271 ea
1280 3215 1402 3287 oportet
1416 3147 1571 3271 dominum

290 3319 398 3381 serere,
430 3320 509 3377 quae
533 3303 662 3360 maxime
672 3261 830 3361 ”secuntur
853 3320 937 3377 apes.
981 3320 1018 3360 ca
1041 3305 1114 3360 sunt
1136 3319 1234 3370 rosa,
1268 3302 1432 3377 serpyllum
1466 3301 1571 3376 apia-

290 3395 419 3458 strum,
452 3408 596 3466 papaver,
628 3391 710 3458 laba,
748 3391 840 3460 lens,
873 3392 991 3466 pisum,
1024 3391 1191 3460 ocimum,
1228 3408 1410 3466 cyperum,
1448 3391 1571 3467 medice,

289 3480 419 3538 maxime
451 3480 623 3555 cytisum,
657 3480 737 3555 quod
770 3471 908 3563 (miuus)
937 3480 1111 3538 valentibus
1135 3480 1331 3538 utilissimum
1354 3482 1409 3538 est
1457 3478 1570 3537 cl.10:

292 3569 416 3647 „thymo
441 3571 471 3626 et
494 3569 592 3644 cytiso
616 3571 647 3626 et
669 3564 836 3644 apiastro“.
887 3570 943 3627 14:
970 3565 1156 3648 „thymum“.

395 3659 430 3714 A.
446 3658 475 3715 h.
493 3676 519 3715 a.
537 3657 639 3725 6271),
661 3658 713 3716 16;
737 3655 881 3737 φυτεύειν
902 3654 937 3717 ct
953 3656 1107 3736 συμφέρει
1122 3654 1245 3735 περὶτὰ
1261 3655 1366 3736 σμήνη
1383 3653 1569 3736 ἀχράδας,

286 3743 440 3815 κυάνους,
471 3743 556 3807 πόαν
578 3743 742 3826 Μηδικήν,
767 3743 926 3825 Συρίαν,
950 3744 1089 3825 ὤχρους,
1120 3745 1324 3825 μυρρίνην,
1347 3744 1495 3825 μήκωνα,
1519 3743 1571 3823 ἔρ-

286 3832 416 3903 πυλλον,
448 3832 679 3915 ἀμυγδαλῆν.
715 3835 865 3911 (Auctoris
889 3835 930 3912 Ε.)
961 3868 1007 3877 -
1041 3835 1203 3909 Complura
1233 3835 1315 3909 apud
1342 3837 1503 3909 utrumque
1526 3835 1573 3890 in·

289 3924 473 3981 veniuntur:
491 3924 644 4000 serpyllon
668 3921 852 4002 (ἕρπυλλον),
878 3942 1014 3999 papaver
1038 3921 1185 4002 (μήκων),
1209 3923 1284 3980 faba
1300 3921 1447 4002 (κύαμοι),
1472 3923 1572 3997 pisum

288 4011 435 4088 (tortasse
458 4007 583 4092 ὦχροι),
614 4003 730 4072 'medice
761 4010 836 4089 )πόα
858 4009 1019 4092 Μηόική),
1051 4012 1168 4088 reliqua
1197 4029 1258 4070 non
1290 4015 1363 4070 sunt
1392 4011 1571 4070 communia.

292 4101 356 4160 Hoc
379 4101 488 4175 ipsum.
513 4103 546 4160 ni
567 4102 665 4167 fallor.
693 4103 844 4178 quomodo
868 4120 916 4160 res
941 4119 974 4160 se
997 4103 1119 4167 habeat,
1145 4101 1286 4159 ostendit.
1325 4101 1359 4158 Id
1376 4101 1463 4168 enim,
1490 4100 1572 4175 quod

287 4208 387 4248 causa
410 4191 572 4265 perspicua
595 4208 655 4249 non
680 4193 735 4259 est,
770 4209 832 4259 cur,
865 4191 1016 4266 siquidem
1040 4191 1146 4248 ceteris
1170 4189 1245 4248 locis
1272 4184 1492 4268 „Aristotcles“
1519 4207 1572 4246 ex-

397 4434 414 4496 ¹(
435 4434 469 4490 εἰ.
489 4450 572 4504 geo
585 4433 636 4487 XV
648 4435 711 4500 3‚:7
731 4433 972 4502 κυμβαλίζοντες”
956 4454 973 4501 η
992 4432 1037 4492 τὰς
1054 4441 1145 4501 χεῖρας
1162 4433 1308 4501 εὐρύθμως
1327 4439 1490 4514 κροτοῦντες

396 4507 414 4574 ²(
434 4505 511 4572 Quae
555 4521 618 4559 arro
637 4475 701 4560 ibid
722 4506 828 4576 posuit:
856 4508 951 4571 „extra
971 4505 1121 4560 ostium..
1134 4503 1275 4561 ‚Greeoi“
1299 4504 1412 4559 omnino
1431 4519 1488 4558 non
1507 4520 1573 4557 con·

286 4577 361 4714 ἓὲήο
377 4576 519 4717 101fcetggplpr
531 4577 653 4714 ith2a8
657 4576 740 4642 624³.
751 4576 792 4642 13,
812 4577 885 4632 sicut
898 4577 979 4631 Geut
993 4592 1018 4646 p.
1035 4547 1250 4641 loeru'ltcum
1263 4591 1307 4630 res
1320 4591 1434 4646 prorsus
1446 4574 1572 4629 diversae
