3525 5342
725 400 948 466 -33-

197 582 294 640 multo
318 585 398 650 ante,
424 600 516 657 quam
539 583 578 639 ad
600 583 680 641 hanc
703 582 875 657 opinionem
901 584 937 641 de
952 584 1122 642 Menecrate
1145 585 1276 659 perveni,
1294 602 1476 660 magnopere

199 672 431 745 obstupefactus
467 689 535 730 sum
570 688 615 741 eo,
653 672 734 747 quod
766 672 810 730 eis
840 672 989 746 imprimis
1013 673 1097 730 color
1130 673 1269 747 poeticus
1303 674 1391 735 inest.
1437 675 1478 732 Ut

172 795 173 798 =
198 759 320 833 singula
342 760 478 828 esionam,
503 777 603 818 nonne
626 763 735 837 poetae
759 763 807 819 est
829 779 904 836 apes
928 779 996 819 oum
1019 761 1192 820 hominibus
1216 762 1358 829 conferre,
1377 764 1475 821 socie·

196 850 291 906 tatem
316 849 415 923 operis
440 851 471 906 et
494 849 710 918 aedificiorum,
736 841 885 908 rationem
908 852 939 908 et
961 853 1057 908 artem
1081 851 1254 925 praedicare
1270 847 1299 930 (ξ
1314 851 1355 929 4),
1373 868 1476 909 earum

198 954 275 1012 opus
292 938 500 995 dulcissimum
525 940 554 995 et
570 938 635 996 deis
652 940 682 997 et
698 939 872 998 hominibus
889 941 1047 1015 acceptum
1064 940 1162 998 dicere
1179 935 1208 1018 (ξ
1224 937 1270 1016 5);
1295 957 1348 998 eas
1364 940 1476 998 habere

197 1029 232 1084 ut
254 1027 392 1085 homines
417 1027 567 1095 civitatee,
591 1028 644 1085 ubi
668 1027 710 1085 sit
732 1030 763 1086 et
784 1045 836 1086 rex
860 1030 891 1086 et
913 1028 1069 1102 imperium
1092 1030 1124 1086 et
1146 1028 1279 1086 societas
1304 1025 1332 1108 (ξ
1349 1028 1392 1107 6);
1422 1047 1476 1087 eas

197 1133 266 1174 esse
289 1115 409 1173 minime
433 1115 589 1174 maleficas
612 1133 710 1191 neque
733 1117 862 1190 ignavas
887 1134 923 1174 ao
947 1134 1014 1174 cum
1038 1133 1135 1176 causa
1157 1134 1313 1175 musarum
1335 1118 1476 1176 volucres

197 1204 272 1273 dioi;
304 1205 426 1273 eisdem,
459 1206 495 1262 ut
525 1205 571 1263 dis
602 1205 749 1263 Helicona
780 1207 873 1281 atquo
898 1206 1056 1280 Olympum
1064 1202 1087 1283 ²)
1111 1206 1248 1263 homines
1272 1207 1475 1275 attribuerint,

197 1293 241 1351 sio
265 1296 406 1350 naturam
428 1293 555 1351 floridos
580 1296 611 1352 et
632 1294 766 1352 incultos
790 1294 911 1353 dedisse
927 1298 1046 1352 montes
1063 1291 1091 1373 (ξ
1108 1294 1154 1369 7);
1179 1311 1232 1352 eas
1248 1295 1312 1368 regi
1327 1313 1476 1353 summam

197 1385 354 1457 praestare
384 1383 474 1439 iidem
506 1384 598 1457 atque
629 1384 718 1440 utin
742 1384 875 1442 exercitu
898 1383 999 1441 vivere
1024 1379 1052 1462 (ξ
1069 1383 1124 1461 Sl?
1170 1382 1252 1440 Haec
1275 1385 1378 1441 omnia
1400 1385 1477 1442 adeo

196 1471 317 1545 poetica
347 1472 420 1528 sunt
449 1473 480 1528 et
511 1472 600 1546 quasi
631 1472 734 1548 apium
765 1468 937 1551 ἠθοποιΐαν
967 1474 1104 1530 summae
1136 1473 1236 1530 laudis
1260 1472 1380 1547 plenam
1404 1491 1476 1531 oon·

195 1559 302 1629 tinent,
335 1562 371 1617 ut
401 1578 438 1618 ea
468 1560 499 1617 in
532 1560 664 1618 carmine
687 1561 877 1620 Menecrateo
910 1560 1029 1636 prolata
1051 1561 1157 1628 tuisse,
1183 1561 1253 1618 inde
1276 1562 1308 1618 in
1330 1562 1476 1620 Varronis

196 1666 275 1724 opus
297 1648 427 1712 fluxisse
450 1649 514 1707 veri
538 1649 683 1708 dissimile
707 1649 815 1708 saltem
839 1651 971 1708 nonsit

303 1738 491 1812 Quamquam
524 1755 585 1796 non
617 1739 721 1812 ignoro
746 1739 915 1814 meipsum
939 1739 997 1796 sub
1024 1739 1064 1796 14
1087 1739 1215 1796 Varroni
1238 1739 1360 1813 poetica
1383 1757 1477 1814 quae-

197 1826 266 1882 dam
290 1826 466 1885 attribuisse
490 1844 545 1884 neo
569 1828 731 1902 quicquam
755 1846 833 1897 esse,
859 1845 913 1886 cur
930 1828 1093 1885 Reatinum
1117 1828 1217 1902 ipsum
1240 1829 1308 1885 toto
1331 1827 1475 1886 hocloco

196 1914 296 1972 colore
319 1915 438 1989 poetico
463 1933 552 1973 usum
575 1934 643 1975 esse
664 1934 818 1992 negemus,
837 1935 963 1992 eamque
980 1919 1019 1975 oh
1035 1934 1097 1973 rem
1112 1916 1268 1973 mittamus
1285 1917 1477 1974 coniecturas

196 2004 303 2061 facere.
351 2004 491 2062 Contenti
514 2005 592 2063 enim
617 2023 685 2064 esse
709 2006 853 2064 debemus
878 2024 924 2075 eo,
951 2006 1032 2080 quod
1054 2023 1153 2080 neque
1169 2005 1362 2063 Aristotelem
1377 2022 1476 2080 neque

197 2092 439 2167 Theophrastum
477 2111 574 2170 neque
613 2095 840 2174 compilatorem
878 2096 951 2152 noni
990 2095 1018 2152 h.
1046 2112 1073 2152 a.
1112 2094 1180 2151 libri
1218 2096 1373 2152 auctorem
1407 2111 1475 2152 esse

197 2181 480 2251 demonstravimus,
518 2184 574 2241 sed
609 2183 712 2258 potius
747 2184 909 2242 verisimile
944 2200 1012 2242 esse
1043 2184 1179 2256 ignotam
1210 2182 1294 2240 illam
1316 2182 1476 2240 historiam

196 2271 364 2328 naturalem
388 2272 518 2329 maxime
541 2289 610 2330 esse
633 2289 815 2347 expressam.

201 2404 203 2408 .
301 2359 492 2435 Itaqueiam
515 2362 635 2418 tertiam
658 2361 792 2419 locorum
816 2361 922 2419 seriem
947 2361 1165 2435 adiungamus:

302 2448 499 2517 V.111,19:
538 2468 637 2525 ,equa
671 2450 748 2508 enim
783 2452 920 2508 ventrem
951 2450 1011 2506 iert
1041 2449 1200 2507 duodecim
1222 2466 1352 2518 menses,
1380 2466 1478 2506 vacca

196 2537 307 2604 decem,
334 2537 401 2595 ovis
425 2539 455 2595 et
479 2555 571 2614 capra
595 2540 713 2614 quinos,
740 2556 794 2597 eus
818 2540 995 2614 quattuor“.

302 2626 337 2683 A.
362 2626 398 2683 de
420 2644 487 2701 gen.
511 2646 560 2685 an.
584 2628 648 2687 748
658 2647 686 2697 a,
702 2628 759 2686 3οτ
783 2624 926 2688 ἐνιαυτὸν
949 2623 1011 2706 γὰρ
1034 2624 1103 2686 κύει
1125 2624 1180 2686 καὶ
1203 2625 1299 2692 ἵππος
1321 2622 1376 2685 καὶ
1391 2623 1475 2692 ὄνος.

195 2713 223 2770 h.
241 2732 268 2772 a.
291 2714 353 2773 575
365 2734 392 2784 a,
407 2713 466 2777 25:
489 2714 557 2776 κύει
575 2714 694 2777 δ’ἕννέα
716 2720 821 2797 μῆνας
845 2714 896 2792 (so.
913 2715 933 2796 ἡ
948 2715 1047 2796 βοῦς),
1072 2712 1196 2794 δεκάτῳ
1220 2711 1255 2775 δὲ
1276 2713 1376 2775 τίκτει
1400 2713 1476 2776 ἔνιοι

196 2798 231 2862 δὲ
255 2799 494 2882 ὃιιαχαρίζονται
518 2803 595 2866 δέκα
618 2809 723 2886 μῆνας
745 2803 832 2865 κύειν
855 2801 1079 2885 ἡμερολεγὸόν.
1110 2804 1180 2862 ibid.
1199 2803 1262 2863 573
1272 2805 1300 2872 b,
1314 2804 1373 2865 20:
1408 2801 1477 2864 κύει

196 2887 231 2950 δὲ
253 2890 344 2952 πέντε
365 2896 472 2972 μῆνας
501 2891 555 2954 καὶ
577 2892 739 2975 πρόβατον
774 2891 827 2954 καὶ
861 2893 920 2964 αἲξ.
955 2894 1025 2953 ibid.
1051 2893 1114 2952 573
1124 2911 1153 2960 a,
1171 2892 1229 2953 30:
1264 2891 1297 2952 ot
1325 2889 1385 2971 μὲν
1417 2887 1475 2952 οὗν

195 2977 308 3059 ἥμεροι
331 2978 384 3048 ὕες
406 2979 520 3043 κύουσι
542 2982 689 3062 τέτταρας
710 2987 823 3062 μῆνας,
848 2981 983 3045 τίκτουσι
1007 2979 1101 3042 δὲτὰ
1123 2979 1249 3042 πλεῖστα
1272 2979 1397 3042 εἴκοσιν.

302 3070 337 3127 V.
353 3071 379 3127 ll
397 3071 425 3140 2,
441 3072 478 3130 4;
513 3073 832 3152 „animadvertendum
864 3089 986 3147 quoque
1013 3072 1119 3144 lingua
1141 3089 1179 3128 ne
1202 3072 1290 3144 nigra
1312 3072 1367 3128 aut
1389 3071 1477 3129 varia

196 3157 245 3226 sit,
271 3159 352 3233 quod
375 3159 446 3227 iere,
472 3162 524 3237 qui
549 3180 614 3220 eam
638 3163 760 3231 habent,
785 3162 890 3236 nigros
914 3164 969 3219 aut
991 3161 1096 3218 varios
1119 3161 1280 3236 procreant
1302 3154 1427 3233 agnos.“

302 3249 335 3306 A.
352 3248 380 3306 h.
398 3267 425 3306 a.
443 3249 543 3319 5745,
559 3250 594 3308 5;
629 3247 726 3311 λευκὰ
762 3247 797 3310 δὲ
832 3245 869 3309 τὰ
901 3248 1016 3327 ἔκγονα
1052 3247 1163 3326 γίνεται
1190 3245 1244 3307 καὶ
1265 3244 1395 3326 μέλανα,
1419 3243 1475 3307 ἐὰν

194 3330 268 3395 ὑπὸ
290 3339 333 3416 τῇ
355 3339 419 3396 τοῦ
450 3342 561 3417 κριοῦ
590 3336 731 3418 γλώττῃ
754 3335 885 3410 λευκαὶ
909 3335 1046 3417 φλέβες
1068 3331 1147 3397 ὦσιν
1169 3336 1189 3416 ἢ
1212 3333 1353 3415 μέλαναι,
1376 3332 1474 3396 λευκὰ

194 3421 254 3501 μὲν
285 3421 341 3485 ἐὰν
370 3423 487 3496 λευκαί,
517 3425 638 3506 μέλανα
664 3424 750 3488 δ’ἐὰν
772 3425 927 3506 μέλαναι·
951 3423 1007 3486 ἐὰν
1038 3421 1255 3504 δ’ἀμφότεραι,
1287 3421 1474 3504 ἀμφότερα·

194 3510 301 3592 πυρραὶ
326 3511 421 3574 δ’ἕὰν
435 3515 562 3595 πυρροί.
586 3517 622 3575 oi.
646 3517 683 3574 de
705 3534 771 3592 gen.
796 3534 844 3574 an.
870 3515 933 3575 786
943 3533 971 3584 a,
986 3514 1044 3572 28:
1068 3511 1143 3574 ὥστ’
1159 3510 1226 3573 ἐπεὶ
1240 3515 1305 3573 τῶν
1319 3510 1475 3572 ποικίλων

80 3597 82 3604 ’
195 3598 229 3661 τὸ
254 3599 356 3682 δέρμα
380 3602 418 3664 οὗ
442 3602 625 3685 μονόχρων,
648 3602 704 3665 καὶ
726 3607 781 3665 τοῦ
806 3602 857 3665 ἐπὶ
879 3608 917 3685 τῇ
941 3601 1058 3684 γλώττῃ
1084 3600 1240 3681 δέρματος
1262 3600 1345 3662 τοῦτ’
1369 3600 1475 3661 αἴτιον.

301 3691 336 3752 V.
352 3691 379 3749 ll
395 3693 424 3762 3,
440 3694 475 3752 6:
502 3697 570 3773 „est
593 3694 740 3752 alsiosum
765 3692 815 3770 (sc.
839 3711 935 3767 genus
959 3689 1156 3769 caprinum)“.

301 3782 336 3839 A.
352 3781 380 3839 h.
398 3801 425 3842 a.
443 3782 544 3852 5965,
560 3783 595 3841 5:
621 3781 821 3863 ὃναχείμεροι
845 3779 880 3843 δὲ
902 3779 957 3842 καὶ
979 3780 1013 3842 αἱ
1034 3776 1124 3841 οὖλαι
1148 3779 1200 3856 (so.
1224 3777 1329 3858 αἶγες).

301 3869 477 3939 v.114‚8:
511 3873 626 3952 „verris
654 3876 723 3931 octo
747 3889 883 3930 mensum
907 3871 1014 3946 incipit
1036 3870 1136 3938 sabre,
1168 3870 1323 3944 permanet
1346 3864 1405 3947 [et],
1439 3871 1475 3926 ut

194 3956 225 4013 id
248 3959 327 4015 recte
350 3959 450 4018 iacere
474 3961 581 4036 possit,
607 3961 647 4019 ad
669 3956 821 4020 trimum“.

301 4048 335 4104 A.
352 4048 380 4108 h.
397 4067 424 4106 a.
442 4049 505 4107 545
516 4068 544 4118 a,
560 4050 617 4108 30:
641 4047 660 4112 ὁ
684 4047 713 4109 d’
724 4048 826 4130 ἄρρην
849 4053 944 4129 γεννᾷ
957 4045 1018 4128 μὲν
1038 4044 1227 4126 ὀκτάμηνος,
1242 4043 1349 4125 φαῦλα
1364 4044 1472 4125 μέντοι

194 4131 268 4213 πρὶν
291 4135 437 4212 γενέσθαι
460 4135 621 4205 ἐνιαύσιος.
644 4139 714 4197 ibid.
733 4139 833 4208 5455,
848 4139 885 4196 2:
909 4135 1036 4216 ἐνιαχοῦ
1065 4134 1136 4196 δὀἱ
1157 4133 1277 4215 κάπροι
1300 4132 1475 4214 ὃεκάμηνοι

195 4221 344 4302 ἄρχονται
367 4223 498 4307 ὀχεύειν,
522 4224 640 4306 ἀγαθοὶ
664 4224 698 4287 δὲ
720 4226 815 4307 μέχρι
838 4223 890 4286 ἐπὶ
911 4224 1032 4304 τριετὲς.
1056 4226 1092 4283 ct.
1116 4225 1187 4283 ibid.
1205 4224 1299 4293 546a,
1315 4227 1343 4282 7.

301 4313 476 4384 v.115‚7:
505 4314 671 4391 ,tarmenta
694 4315 766 4392 sint)
790 4316 886 4374 oculis
910 4315 1027 4389 magnis
1051 4316 1082 4372 et
1103 4314 1227 4388 nigris‘.

301 4403 335 4460 A.
360 4404 395 4461 de
419 4422 484 4479 gen.
509 4423 556 4463 an.
574 4405 636 4464 779
647 4424 673 4475 a,
689 4405 747 4463 29:
770 4403 883 4466 τούτου
906 4401 966 4483 μὲν
989 4398 1047 4464 οὗν
1070 4401 1167 4463 αἴτιον
1188 4397 1224 4460 τὸ
1246 4398 1412 4480 μονόχροα
1435 4394 1473 4457 τὰ

195 4487 324 4568 ὄμματα
350 4495 410 4552 τῶν
433 4491 538 4556 ἄλλων
562 4491 639 4554 εἶναι
661 4491 791 4572 μᾶλλον,
815 4491 885 4553 οἷον
909 4491 941 4552 οῖ
961 4489 1037 4572 βόες
1058 4486 1332 4570 μελανόφθαλμοι.

302 4684 321 4753 ¹)
340 4684 401 4738 Hoc
419 4684 504 4739 homo
525 4686 655 4750 Graecus,
674 4700 731 4740 non
749 4685 894 4738 Romanus
912 4682 1092 4752 excogItavit.

247 4779 357 4834 Hempel.
791 4845 798 4862 .
1277 4767 1295 4819 3
