3525 5342
810 378 1031 439 ,24-

276 556 331 620 ent
352 555 388 619 τὸ
415 555 496 619 πολὺ
527 557 674 620 ἐνιαύσιοι
709 556 763 619 καὶ
793 555 977 638 ὀκτάμηνοι,
1007 555 1043 618 τὸ
1075 555 1110 618 ὀὲ
1140 556 1270 636 μάλισθ’
1302 557 1562 639 ὁμολογούμενον

281 644 401 726 ὀιετεῖς;
424 648 494 706 ibid.
512 649 566 707 30:
590 644 644 708 xci
666 646 756 708 τίκτει
778 643 832 707 καὶ
859 644 964 726 ὀχεύει
985 645 1057 714 ἕως
1079 645 1124 708 ἄν
1148 646 1200 726 ζῇ.
1235 647 1313 718 ζῶσι
1337 645 1367 708 ὀ’
1383 645 1431 715 ὡς
1453 647 1504 709 ἐπὶ
1525 646 1561 709 τὸ

278 732 360 797 πολὺ
383 733 455 814 περὶ
477 733 752 798 πεντεκαίόεκα
776 734 827 816 ἔτη
851 734 886 795 αῖ
906 732 1065 815 belew)

390 826 425 884 V.
442 825 469 884 Il
488 827 515 891 l,
532 826 588 884 19:
624 825 673 896 „iu
703 826 804 884 fetura
833 842 881 882 res
912 825 1097 884 incredibilis
1128 827 1229 884 estin
1252 825 1410 902 Hispania,
1436 829 1490 885 sed
1513 831 1562 885 est

278 932 360 984 vera,
387 916 468 991 quod
484 959 491 972 .
508 958 538 973 ..
562 914 713 990 quaedam
744 916 875 973 evento
907 914 1084 989 concipiunt
1111 917 1224 973 certo
1248 917 1428 990 tempore
1452 933 1558 991 equae,

278 1006 315 1061 ut
336 1004 385 1061 hic
408 1004 540 1078 gallinae
563 1021 685 1079 quoque
708 1003 817 1072 solent,
843 1020 971 1078 quarum
995 1021 1056 1062 ova
1086 1003 1267 1079 hypenemia
1297 1004 1460 1078 appellant
1491 1006 1560 1063 sed

276 1110 323 1150 ex
346 1092 409 1150 his
433 1093 550 1167 equis
574 1093 641 1168 qui
664 1092 751 1150 nati
774 1091 888 1167 pulli,
914 1109 989 1150 non
1012 1091 1105 1167 plus
1127 1092 1350 1150 triennium
1372 1090 1559 1162 vivunt“;

276 1181 315 1240 ci.
340 1181 401 1240 Col.
420 1181 570 1249 v127‚7.

388 1271 423 1330 A.
440 1271 468 1328 h.
485 1289 512 1328 a.
530 1269 629 1348 brae,
657 1270 712 1328 13:
735 1266 876 1349 λέγονται
909 1265 944 1329 δὲ
974 1266 1028 1329 καὶ
1060 1267 1113 1346 (sc.
1135 1267 1170 1329 αἱ
1200 1267 1298 1347 ἵπποι)
1326 1267 1560 1349 ὀξανεμούσὺαι

274 1355 348 1437 περὶ
385 1354 439 1419 τὸν
476 1355 590 1437 καιρὸν
626 1361 737 1419 τοῦτον
783 1359 810 1435 li.
839 1376 863 1419 e.
892 1354 990 1419 ὅταν
1028 1356 1328 1437 ῖππομανῶσιν
1360 1377 1388 1417 ν.
1416 1358 1482 1438 10);
1522 1360 1558 1418 cf.

276 1447 538 1515 isidorianae:
568 1443 810 1527 ὑποτιθεμένων
833 1444 868 1508 ὑὲ
890 1450 929 1527 τῇ
952 1444 1057 1525 ἄρνιὺι
1086 1443 1182 1508 οὑόέν
1208 1445 1378 1527 παχύνεται
1399 1444 1436 1508 τὸ
1459 1445 1559 1527 ὑγρὸν

274 1533 328 1611 (sc.
344 1531 380 1596 τὸ
402 1537 467 1596 τῶν
489 1534 693 1617 ὑπηνεμίων),
710 1532 787 1596 ἀλλὰ
809 1533 846 1596 τό
861 1556 894 1595 τε
909 1532 1019 1615 ὠχρὸν
1035 1533 1174 1615 διαμένει
1196 1533 1299 1596 καὶτὸ
1314 1533 1429 1597 λευκὸν
1452 1535 1557 1616 ὅμοια.

386 1624 430 1682 Νε
454 1625 572 1684 minora
594 1643 775 1701 premamus,
808 1625 1003 1684 Aristotelem
1030 1642 1093 1684 non
1116 1642 1184 1684 esse
1212 1628 1367 1684 auctorem
1391 1626 1557 1684 certissime

274 1714 344 1772 inde
368 1711 504 1790 apparet,
530 1715 654 1789 quodie
678 1732 733 1773 nec
765 1715 801 1772 de
824 1713 916 1790 pullis
940 1731 995 1772 nec
1018 1714 1055 1772 de
1081 1713 1231 1789 Hispania
1259 1713 1354 1773 ullum
1386 1715 1463 1773 iacit
1488 1734 1557 1773 ver-

275 1803 355 1872 bum,
381 1803 484 1876 negari
507 1806 609 1862 autem
632 1821 694 1861 non
717 1805 829 1879 potest,
854 1803 996 1871 indidem,
1021 1803 1101 1861 unde
1117 1803 1193 1861 haec
1217 1806 1299 1872 sunt,
1325 1804 1418 1862 etiam
1441 1803 1557 1879 reliqua

273 1891 416 1952 fluxisse.

385 1982 419 2040 V.
437 1981 581 2054 112,14:
608 1998 725 2062 „neque
747 1981 812 2055 pati
836 1982 958 2055 oportet
980 1981 1112 2039 minores
1136 1998 1227 2056 quam
1251 1981 1381 2039 bimas
1403 1981 1487 2039 saliri
1504 1980 1555 2058 (so.

273 2070 392 2147 oves)“.
715 2093 718 2098 ¹

385 2161 418 2216 A.
436 2160 464 2216 b.
481 2178 508 2217 a.
526 2158 589 2216 545
599 2177 628 2229 a,
646 2159 704 2217 23:
735 2155 897 2238 πρόβατον
920 2155 980 2237 μὲν
1010 2155 1065 2218 καὶ
1087 2157 1139 2227 αἲξ
1168 2155 1311 2225 αὑτοετὲς
1337 2156 1479 2238 ὀχεύεται
1501 2156 1555 2218 καὶ

270 2244 350 2318 κύει,
373 2245 495 2324 μᾶλλον
519 2244 553 2307 tl
576 2245 596 2327 ἡ
621 2246 680 2318 αἴξ.
705 2244 758 2307 καὶ
781 2245 812 2307 οῖ
834 2245 965 2326 ἄρρενες
989 2243 1018 2306 ὀ’
1040 2244 1206 2326 ὀχεύουσιν
1229 2244 1395 2313 ὡσαύτως.

379 2337 414 2394 V.
431 2336 457 2393 lI
473 2336 548 2405 4,r:
586 2355 702 2417 „neque
736 2337 866 2395 minores
899 2336 1103 2394 admittendae
1128 2334 1179 2412 (sc.
1203 2334 1286 2411 sues)
1310 2353 1402 2412 quam
1434 2337 1555 2394 anni-

271 2425 390 2494 culae3
422 2425 552 2484 melius
575 2425 711 2500 viginti
739 2443 880 2484 menses
910 2426 1140 2499 exspectare,
1172 2427 1213 2482 ut
1235 2425 1352 2482 bimae
1375 2421 1554 2500 pariant“.

378 2514 412 2571 A.
431 2515 457 2572 h.
475 2533 501 2572 a.
520 2514 618 2580 545a.
638 2515 693 2572 28:
724 2508 762 2581 ὑς
785 2510 814 2574 ὀ’
824 2511 927 2593 ὀχεύει
948 2510 1009 2592 μέν
1031 2511 1086 2573 καὶ
1113 2510 1255 2592 ὀχεύεται
1277 2515 1407 2592 πρῶτον
1430 2511 1554 2573 ὀκτά-

269 2623 411 2681 μηνοα
1534 2627 1538 2633 ·

380 2692 569 2760 v.115,13:
608 2710 693 2772 „mas
727 2710 766 2749 an
797 2692 911 2750 femina
945 2692 987 2749 sit
1021 2693 1178 2766 concepta,
1215 2691 1371 2766 significat
1405 2692 1554 2750 descensu

269 2783 388 2848 taurus,
422 2799 489 2838 cum
520 2781 584 2848 init,
618 2782 709 2857 quod,
743 2781 770 2839 si
801 2799 867 2838 mas
900 2783 956 2849 est,
988 2781 1020 2838 in
1050 2780 1247 2839 dexteriorem
1271 2783 1386 2854 partem
1418 2781 1494 2849 abit;
1526 2782 1553 2838 si

269 2869 391 2937 femina,
424 2870 455 2926 in
486 2869 710 2928 sinisteriorem.
742 2887 793 2927 cur
816 2871 874 2928 hoc
896 2870 963 2939 fiat,
996 2887 1054 2928 vos
1078 2869 1223 2938 videritis,
1257 2869 1356 2943 inquit
1386 2870 1467 2938 mibi,
1501 2870 1553 2945 qui

271 2959 464 3016 Aristotelem
487 2953 617 3033 legitis“.

377 3047 442 3104 Hoc
465 3047 556 3120 igitur
579 3048 646 3108 loco
662 3048 758 3106 Varro
783 3047 856 3105 dicit
878 3065 912 3105 se
935 3047 1027 3105 huius
1051 3047 1093 3104 rei
1117 3064 1229 3105 causas
1254 3047 1335 3121 apud
1358 3047 1553 3105 Aristotelem

268 3137 427 3211 expositas
450 3136 569 3211 legisse.
616 3137 674 3194 Sed
699 3136 823 3195 simulat
844 3139 973 3194 tantum.
1012 3135 1121 3194 Totum
1145 3136 1222 3192 enim
1247 3135 1409 3210 pervolvas
1433 3136 1552 3193 Aristo-

269 3226 369 3293 telem,
401 3225 477 3283 baec
508 3242 661 3301 nusquam
691 3226 840 3284 invenias.
887 3225 980 3282 Immo
1004 3225 1053 3281 bic
1076 3225 1113 3281 de
1137 3242 1173 3282 eo
1197 3241 1301 3298 agene,
1335 3227 1436 3283 utrum
1459 3241 1551 3281 sexus

268 3313 451 3383 discrimina,
481 3315 660 3389 priusquam
683 3317 786 3389 aperte
809 3315 978 3379 videantur,
1011 3313 1072 3371 iam
1096 3315 1217 3370 exstent
1239 3330 1341 3381 necne,
1367 3314 1385 3372 i.
1402 3331 1427 3371 ε.
1451 3315 1552 3370 utrum

268 3402 323 3460 illa
347 3403 519 3461 discrimina
541 3403 572 3460 in
596 3405 701 3461 matris
719 3404 837 3460 demum
861 3406 948 3461 utero
971 3403 1051 3460 fiant
1074 3419 1114 3459 an
1138 3404 1238 3470 antea,
1263 3402 1324 3459 tria
1346 3401 1446 3469 adfert,
1472 3419 1551 3476 quae

269 3491 325 3550 viri
349 3492 495 3567 praeclari
519 3492 556 3549 de
579 3492 636 3549 hac
667 3509 698 3550 re
721 3495 791 3551 ante
823 3509 891 3549 cum
915 3491 1164 3565 excogitaverant
1194 3490 1328 3548 scribens
1353 3491 1388 3549 de
1411 3507 1477 3564 gen.
1503 3508 1550 3547 an.

269 3581 371 3650 7631),
387 3581 429 3638 30
443 3598 501 3657 sq:
533 3577 612 3658 φασὶ
636 3576 696 3658 γὰρ
728 3579 759 3640 oi
786 3577 846 3659 μέν
877 3577 911 3640 ἓν
942 3582 1006 3646 τοῖς
1036 3577 1212 3657 σπέρμασιν
1242 3575 1319 3639 εῖναι
1348 3576 1464 3659 ταύτην
1495 3576 1551 3657 τὴν

267 3666 448 3730 ἐναντίωσιν
463 3666 572 3738 εὑὺύς,
593 3665 660 3728 οἷον
671 3665 887 3748 Ἀναξαγόρας
903 3666 958 3728 καὶ
973 3667 1072 3746 ἕτεροι
1086 3670 1151 3728 τῶν
1167 3665 1386 3747 φυσιολόγων·
1411 3665 1554 3746 γίνεσθαί

265 3778 300 3818 τε
324 3753 384 3836 γὰρ
412 3755 448 3817 ὀκ
477 3760 534 3818 τοὺ
562 3755 696 3836 ἄρρενος
724 3755 760 3818 τὸ
791 3757 928 3836 σπέρμα,
959 3753 994 3817 τὸ
1022 3753 1057 3817 di
1079 3754 1163 3836 ύῆλυ
1190 3755 1339 3835 παρέχειν
1361 3753 1416 3816 τὸν
1442 3753 1549 3826 τόπον,

267 3844 322 3906 καὶ
344 3843 422 3906 εἶναι
444 3842 479 3906 τὸ
500 3843 561 3925 μέν
584 3844 680 3927 ἄρρεν
704 3845 740 3907 ἐκ
763 3849 827 3907 τῶν
851 3844 974 3916 ὀεξιῶν,
996 3842 1032 3905 τὸ
1056 3843 1092 3906 ὀὲ
1114 3842 1197 3924 ὑῆλυ
1221 3843 1257 3905 ἐκ
1280 3847 1345 3906 τῶν
1368 3843 1549 3924 ἀριστερῶν,

268 3932 322 3996 καὶ
344 3938 399 4014 τῆς
421 3933 552 4015 ὑστέρας
578 3932 616 3995 τὰ
643 3932 702 4014 μὲν
730 3933 848 4014 ἄρρενα
872 3933 906 3994 ἕν
927 3937 992 4001 τοῖς
1016 3932 1129 4005 ὀεξιοῖς
1151 3930 1236 4004 εἶναι,
1265 3931 1304 3994 τὰ
1329 3931 1364 3994 ὀὲ
1390 3931 1492 4013 ὑήλεα
1515 3932 1549 3994 έν

265 4027 331 4091 τοῖς
355 4021 542 4102 ἀριστεροῖς·
567 4023 598 4084 οἶ
621 4021 693 4085 ὀ’έν
715 4027 754 4104 τῇ
775 4022 891 4103 μήτρᾳ,
919 4021 1069 4102 καθάπερ
1088 4019 1323 4102 Ἐμπεδοκλῆς·
1346 4019 1383 4082 τὰ
1405 4020 1465 4101 μὲν
1489 4019 1549 4100 γὰρ

266 4111 312 4180 εἰς
326 4110 453 4192 θερμὴν
476 4110 608 4173 sidona
624 4109 681 4192 τὴν
696 4111 830 4191 ὑστέραν
845 4110 964 4192 ἄρρενα
981 4109 1123 4191 γίνεσθαί
1140 4132 1228 4191 φησι,
1250 4109 1288 4172 τὰ
1313 4109 1342 4172 d'
1355 4111 1399 4178 εἷς
1418 4107 1549 4190 ψυχρὰν

267 4198 369 4281 θήλεα
386 4248 392 4262 .
410 4249 416 4261 .
434 4198 657 4282 ,Δημόκριτος
681 4199 715 4262 ὀὲ
739 4199 757 4261 ὁ
780 4198 966 4280 Ἀβόηρίτης
989 4199 1023 4262 ὀν
1044 4198 1104 4279 μὲν
1127 4205 1165 4281 τῇ
1187 4197 1283 4280 μητρὶ
1307 4198 1451 4278 γίνεσθαί
1470 4219 1549 4278 φησι

264 4285 323 4369 τὴν
346 4287 505 4369 διαφορὰν
527 4294 584 4352 τοῦ
607 4288 725 4370 ὑήλεος
754 4287 809 4350 καὶ
836 4293 893 4350 τοῦ
921 4287 1065 4368 ἄρρενος,
1097 4288 1136 4350 οὑ
1158 4288 1267 4368 μέντοι
1290 4286 1341 4348 ὀιὰ
1365 4286 1548 4368 ὑερμύτητά

267 4399 302 4457 γε
324 4376 378 4439 καὶ
400 4377 607 4459 ψυχρότητα.
625 4422 671 4448 ..,
703 4377 769 4439 ἀλλ’
794 4377 949 4457 ὁποτέρου
973 4378 1013 4440 ἄν
1035 4377 1177 4458 κρατήσῃ
1209 4375 1243 4438 τὸ
1275 4376 1401 4457 σπέρμα
1424 4373 1460 4437 τὸ
1483 4373 1548 4436 ἀπὸ

374 4587 392 4656 ¹)
412 4588 517 4655 Quibus
534 4587 617 4652 nitor,
638 4603 671 4640 ea
695 4603 804 4657 semper
822 4587 928 4641 notabo
954 4586 1055 4640 litteris
1079 4586 1268 4656 amplioribus,
1287 4603 1323 4646 ne
1341 4586 1443 4639 iterum
1461 4588 1547 4654 atque

265 4656 368 4712 iterum
385 4659 472 4713 verba
490 4657 605 4727 singulis
623 4657 692 4712 locis
711 4658 795 4712 modo
814 4657 901 4711 allata
919 4660 1053 4728 repetam.
