3525 5342
724 390 947 454 ..65-

197 569 260 651 §d
306 569 404 650 θέρος
435 568 470 632 δὲ
501 570 657 652 ἄρχεσθαι
688 568 751 632 ἀπὸ
781 576 836 652 τῆς
865 569 930 649 πρὸ
953 570 1039 634 ὀκτὼ
1062 570 1157 634 aiddu·
1179 570 1300 634 Μαίων
1324 573 1361 650 (a.
1378 576 1405 633 d.
1420 575 1475 634 Vll

196 661 235 718 id.
251 661 340 739 Mai),
371 664 428 722 τοῦ
458 658 548 741 ἡλίου
572 659 606 721 ἓν
627 659 737 741 ταύρῳ
760 659 851 728 ὄντος
873 660 916 737 lin
938 665 1027 720 tauro
1050 658 1125 741 §lt
1169 660 1412 742 πληροῦσθαι
1435 661 1476 726 dd

197 748 249 816 εἰς
278 746 343 830 τὴν
374 746 448 829 πρὸ
479 746 568 810 ἑπτὰ
600 748 712 811 εἰδῶν
744 747 984 829 Αὐγούστων.
1030 748 1100 830 ξ4.
1147 750 1189 812 ἔτι
1220 749 1255 812 δὲ
1284 750 1476 831 μετόπωρον

197 835 351 918 ἄρχεσθαι
382 836 448 899 ἀπὸ
477 842 533 919 τῆς
562 836 627 918 πρὸ
658 838 695 909 ἓξ
724 835 820 900 εἰδῶν
850 836 1048 918 Αὐγούστου
1077 838 1113 915 (a
1135 841 1162 898 d.
1179 840 1229 898 Ill.
1253 841 1291 899 id.
1309 842 1414 900 Sextil.
1437 843 1474 900 cf.

196 928 269 987 Keil.
293 929 333 986 ad
357 928 440 1005 hl).
472 925 562 1007 ἡλίου
594 925 684 994 ὄντος
714 926 748 988 έν
774 925 873 988 λέοντι
901 927 943 1004 lin
965 929 1051 987 leone
1074 926 1413 1008 §llmrlppobortot
1435 927 1476 992 ὄὲ

196 1015 248 1084 εἰς
269 1013 335 1096 τὴν
357 1013 431 1097 πρὸ
453 1015 562 1077 πέντε
586 1014 700 1077 εῑόῶν
723 1013 968 1097 Νοεμβρίιυν.
1004 1015 1067 1098 §h
1101 1021 1243 1097 χειμῶνα
1267 1015 1303 1079 dt
1318 1016 1475 1099 ἄρχεσθαι

196 1102 259 1165 ἀπὸ
282 1109 337 1185 τῆς
359 1102 423 1185 πρὸ
445 1103 608 1184 τεσσάρων
631 1103 725 1166 εἰδῶν
741 1102 938 1186 Νοεμβρίων
962 1106 999 1183 (a.
1016 1107 1044 1164 d.
1059 1107 1101 1164 IV
1123 1107 1162 1167 id.
1185 1108 1261 1166 Nou.
1285 1105 1359 1188 §2),
1384 1105 1474 1187 ἡλίου

196 1193 287 1262 ὄντος
315 1192 349 1256 ἐν
376 1193 521 1274 σκορπίῳ
545 1193 586 1271 (in
610 1196 768 1270 scorpione
792 1191 810 1274 ἡ
830 1196 866 1272 lt.
912 1192 1155 1275 πληροῦσθαι
1178 1191 1217 1256 δὲ
1241 1195 1293 1263 εἰς
1314 1194 1379 1276 τὴν
1401 1193 1474 1276 πρὸ

196 1281 294 1344 ὀκτὼ
318 1281 431 1344 εἰδῶν
460 1280 745 1363 Φεβρουαρίων.

303 1374 439 1449 Apparet
468 1373 556 1431 initia
587 1374 666 1432 veris
698 1376 728 1431 et
758 1373 865 1430 hiemis
897 1391 966 1431 esse
997 1374 1111 1442 eadem,
1145 1376 1251 1433 contra
1273 1377 1421 1433 aestatem
1444 1376 1475 1432 in

195 1463 370 1536 geoponicis
400 1462 530 1538 incipere
553 1480 615 1520 uno
640 1463 696 1530 die,
727 1465 907 1520 autumnum
930 1462 1028 1520 tribus
1052 1462 1159 1520 diebus
1183 1465 1254 1520 ante
1277 1464 1308 1520 id
1330 1465 1474 1538 temporis

195 1553 349 1626 punctum,
383 1551 464 1627 quod
486 1551 651 1609 Varronem
674 1551 838 1625 protulisse
862 1551 979 1609 Keilius
1003 1549 1117 1626 (comm.
1135 1569 1162 1627 p.
1181 1551 1232 1630 78)
1257 1553 1475 1627 comprobavit„

194 1640 355 1698 Praeterea
384 1642 485 1710 verba,
520 1657 600 1715 quae
630 1640 739 1698 litteris
771 1640 880 1715 ampHs
905 1640 1086 1714 significavi,
1120 1641 1202 1715 apud
1226 1641 1390 1699 Varronem
1413 1660 1475 1701 non

195 1728 342 1803 leguntur,
375 1729 456 1787 siout
485 1729 516 1786 in
547 1730 722 1788 universum
753 1729 803 1787 hio
832 1730 1017 1787 verbotenus
1048 1746 1109 1786 non
1140 1731 1189 1787 est
1219 1731 1399 1805 exscriptus.
1430 1763 1476 1773 -—

196 1819 307 1876 Tamen
338 1818 470 1877 dubitari
498 1836 560 1876 non
588 1820 698 1893 potest,
732 1819 805 1893 quin
829 1820 867 1877 ab
892 1817 995 1893 aliquo
1018 1819 1206 1892 geoponicon
1230 1822 1355 1876 auctore
1378 1819 1476 1880 Varro

197 1908 237 1964 sit
267 1924 439 1982 expressus
486 1908 618 1965 Primum
650 1907 727 1966 enim
759 1907 849 1965 velim
873 1907 904 1964 id
927 1907 1083 1982 respicias,
1109 1907 1191 1981 quod
1214 1907 1294 1965 mille
1316 1908 1378 1966 fere
1402 1909 1475 1966 anni

196 1997 383 2054 intercedunt
412 1997 490 2054 inter
513 1997 676 2054 Varronem
700 1999 731 2054 et
753 2014 830 2062 eum,
864 1996 916 2072 qui
939 1996 1115 2070 geoponica,
1142 2013 1220 2071 quae
1243 2014 1301 2054 nos
1323 1999 1474 2065 tenemus,

195 2085 375 2160 composuit,
401 2102 461 2160 quo
484 2085 629 2160 temporis
653 2085 754 2160 spatio
779 2087 858 2142 certe
882 2085 1073 2143 Varroniana
1095 2085 1273 2142 commutari
1296 2087 1474 2160 potuerimt;

194 2174 259 2231 tum'
289 2174 368 2231 infra
398 2174 567 2232 videbimus
600 2173 646 2251 (cl.
670 2193 699 2249 p.
715 2174 766 2241 75,
792 2191 863 2249 pars
888 2172 938 2251 111)
969 2191 1110 2231 numeros
1141 2190 1293 2249 nusquam
1315 2174 1377 2232 lere
1401 2192 1473 2232 con·

195 2280 315 2336 gruere3
356 2262 485 2339 denique
517 2263 712 2321 confirmatur
742 2263 908 2320 Varronem
944 2280 1012 2320 esse
1043 2265 1198 2320 auctorem
1229 2263 1395 2321 certissime
1426 2281 1471 2332 eo,

196 2352 276 2426 quod
299 2353 331 2408 in
353 2352 529 2427 geoponicis
552 2351 621 2410 inde
637 2369 657 2408 a
672 2348 690 2430 ξ
708 2352 736 2420 6,
754 2352 772 2410 i.
790 2369 814 2409 e.
829 2351 909 2409 unde
924 2351 1125 2425 proferuntur,
1144 2369 1222 2427 quae
1238 2353 1321 2427 apud
1335 2355 1474 2410 nostrum

194 2458 254 2498 uon
283 2440 432 2515 leguntur,
468 2441 569 2499 subito
593 2441 692 2499 oratio
716 2443 799 2498 recta
823 2440 992 2509 adhibetur,
1018 2457 1086 2498 cum
1110 2443 1203 2498 antea
1226 2441 1328 2499 omnia
1351 2458 1475 2516 excerp·

194 2532 293 2587 torum
317 2530 407 2588 modo
431 2529 557 2604 obliqua
580 2530 718 2588 oratione
742 2529 805 2587 sint
827 2529 938 2604 posita

305 2619 369 2689 Quo
400 2619 526 2687 accedit,
559 2619 640 2694 quod
671 2618 762 2676 etiam
793 2618 870 2676 alter
900 2617 987 2676 locus
1019 2619 1098 2676 certe
1129 2618 1167 2675 ad
1191 2618 1357 2676 Varronem
1387 2619 1473 2677 redit

194 2706 333 2781 Legimus
364 2724 450 2782 geop.
466 2708 494 2763 V
509 2708 602 2775 lue:
635 2705 696 2767 οὐκ
729 2704 855 2768 ἔλαττον
879 2704 915 2767 dt
936 2703 1059 2767 τούτων
1082 2703 1144 2766 ἐστὶ
1165 2703 1353 2786 πολυφόρος
1375 2705 1472 2787 καὶὴ

193 2794 405 2876 προειρημένη
431 2795 574 2875 ἀμίννιος
588 2843 594 2855 .
608 2792 659 2855 διὰ
682 2798 774 2856 τοῦτο
789 2793 905 2875 ταύτην
920 2798 1033 2856 ποσῶν
1048 2793 1181 2874 μάλιστα
1196 2795 1378 2875 προκρίνειν
1394 2795 1473 2876 χρή.

170 2881 246 2944 ,καὶ
269 2881 330 2963 γὰρ
353 2881 477 2962 Βάριον
509 2882 735 2964 ὄιισχυρίζετσι,
767 2882 813 2945 ὅτι
836 2883 970 2946 ἕκαστον
992 2881 1134 2961 πλέθρον
1157 2883 1303 2964 ὄμιννίος
1327 2883 1472 2964 ἀμπέλου

193 2971 391 3051 τριακοσίους
415 2972 582 3054 ἀμφορέας
605 2973 725 3053 ἤνεγκε.
751 3007 793 3015 -
809 2975 905 3032 Varro
929 2974 1021 3042 12‚7
1046 2974 1234 3032 fertilitatem
1250 2974 1357 3032 ltaliae
1372 2974 1472 3032 laudi-

193 3063 251 3120 bus
283 3063 412 3121 eilerens
437 3063 561 3122 Catonis
593 3064 737 3121 exscribit
765 3065 860 3121 verba
888 3080 925 3121 ex
949 3063 1096 3137 originum
1119 3063 1205 3131 libro,
1230 3063 1283 3138 qui
1305 3063 1474 3122 tradiderat

193 3150 224 3207 in
254 3169 327 3226 agro
352 3151 468 3210 Gallico
499 3153 531 3210 in
555 3151 678 3226 singula
700 3153 805 3225 iugera
829 3152 908 3210 dena
931 3152 1029 3209 cullea
1051 3151 1115 3208 vini
1136 3151 1211 3208 fieri.
1258 3151 1313 3210 Oui
1336 3152 1473 3226 exemplo

193 3240 258 3314 ipse
282 3241 368 3298 addit
389 3241 429 3309 id,
455 3242 535 3316 quod
560 3241 592 3298 in
615 3258 687 3314 agro
703 3241 870 3299 Faventino
886 3240 997 3298 ibidem
1013 3240 1075 3296 lere
1099 3241 1160 3297 sito
1180 3240 1317 3313 iugerum
1332 3242 1472 3298 trecenae

194 3329 356 3404 amphoras
380 3330 494 3387 reddat.
540 3330 620 3388 Vitis
644 3347 753 3388 nomen
776 3347 837 3387 non
860 3329 958 3387 affert.
997 3328 1061 3385 Hoc
1085 3345 1221 3402 premens
1242 3328 1328 3386 initio
1345 3331 1472 3403 paratus

194 3435 273 3475 eram
298 3435 407 3492 negare
430 3419 593 3476 Varronem
618 3437 685 3477 esse
708 3419 832 3486 iontem,
865 3417 920 3474 sed
943 3418 1000 3474 hoc
1023 3417 1107 3475 nullo
1131 3417 1195 3474 iure
1217 3417 1284 3474 fieri
1308 3417 1380 3475 mihi
1403 3434 1471 3491 per-

194 3507 287 3564 suasi.
333 3507 467 3565 Primum
490 3508 570 3564 enim
593 3526 673 3566 uvae
696 3507 833 3564 amineae
856 3506 939 3581 apud
962 3506 1107 3580 antiquos
1132 3509 1217 3563 erant
1239 3506 1418 3564 notissimae
1442 3509 1475 3563 et

193 3596 461 3670 praeclarissimae,
491 3597 537 3654 ita
559 3599 594 3654 ut
615 3595 758 3654 facillime
782 3595 894 3670 aliquis
918 3612 1019 3653 eorum
1044 3612 1153 3652 nomen
1177 3594 1316 3669 supplere
1339 3595 1474 3669 potuerit

191 3685 323 3742 fortasse
347 3686 440 3744 etiam
463 3688 629 3760 propterea,
655 3685 737 3760 quod
760 3685 792 3742 in
815 3701 888 3758 agro
911 3684 1079 3742 Faventino
1103 3700 1208 3740 revera
1230 3700 1310 3742 uvae
1334 3683 1471 3741 amineae

192 3775 409 3843 nascebantur;
440 3777 505 3831 tum
536 3775 627 3832 etiam
651 3773 824 3841 Columella,
858 3773 923 3831 sive
954 3790 1007 3848 per
1037 3790 1164 3830 errorem
1193 3772 1259 3830 sive
1282 3772 1407 3829 eandem
1431 3773 1472 3831 ob

192 3879 326 3925 causam,
352 3880 444 3938 quam
468 3863 556 3922 modo
581 3863 651 3931 dixi,
677 3862 718 3920 III
735 3863 796 3929 9,3
822 3862 896 3920 dicit
910 3862 1074 3919 Varronem
1097 3862 1133 3919 de
1148 3861 1218 3920 uvis
1235 3861 1362 3919 amineis
1377 3863 1473 3919 verba

191 3951 310 4009 fecisse.
349 3952 416 4021 Qua
439 3970 470 4010 re
493 3953 581 4011 nisus
598 3951 759 4009 Gentillius
783 3953 910 4009 secutus
935 3947 1095 4028 cderum1)
1120 3950 1138 4008 l.
1154 3949 1172 4007 l.
1196 3967 1224 4024 p.
1245 3950 1305 4008 147
1330 3952 1472 4008 autumat

191 4041 380 4114 geoponicon
410 4043 566 4100 auctorem
598 4040 681 4109 haec,
715 4058 794 4115 quae
825 4040 865 4097 ad
888 4040 1054 4097 Varronem
1076 4039 1211 4107 redeunt,
1245 4057 1282 4097 ex
1305 4039 1472 4098 Columella

191 4129 342 4197 hausisse,
368 4130 419 4205 qui
443 4130 509 4204 ipse
533 4130 613 4186 hunc
637 4128 837 4204 exscripserit.
884 4128 962 4186 lllud
984 4146 1089 4187 verum
1112 4145 1181 4186 esse
1205 4145 1265 4186 non
1290 4129 1378 4186 credo
1403 4146 1471 4186 cum

191 4220 359 4292 propterea,
394 4219 475 4294 quod
498 4218 686 4294 geoponicon
718 4221 833 4286 auctor,
868 4218 895 4275 si
918 4217 1114 4276 Columellam
1142 4217 1342 4286 adhibuisset,
1367 4219 1470 4274 traus-

190 4306 315 4365 tulisset
341 4305 526 4376 ,ἑξοκοσίος
554 4304 730 4386 οὔρνος“,’ἡ
758 4309 822 4365 tum
846 4307 928 4381 quod
953 4305 1119 4364 Columella
1141 4324 1161 4364 a
1183 4307 1372 4381 geoponicon
1396 4323 1470 4362 auc-

298 4463 308 4494 1

248 4603 253 4614 ⁴
297 4462 315 4601 ’λ
334 4460 839 4602 lldhtdibldsla‘lblliloiffirddisssblfidrrlltddh,
859 4530 1007 4601 Metrolog.
1020 4532 1113 4602 script.
1127 4531 1185 4613 rell.
1205 4548 1231 4601 p.
1244 4530 1305 4612 24ρὴ
1324 4545 1381 4583 vox
1399 4534 1469 4584 urna

191 4602 345 4668 adhibetur,
365 4604 438 4658 unde
456 4606 574 4674 apparet
591 4606 624 4658 ut
641 4602 742 4670 ξέστην,
761 4619 859 4658 vocem
878 4603 1034 4657 Romanam
1053 4603 1097 4670 (ci.
1110 4602 1218 4667 Nissen,
1237 4601 1344 4656 Gmech.
1358 4617 1384 4656 u.
1397 4617 1467 4656 rom

191 4673 368 4745 Metrologie,
394 4673 423 4728 in
441 4674 466 4729 J.
480 4674 595 4728 Mueller
613 4674 669 4730 vol.
682 4674 713 4727 1²
731 4691 756 4744 p.
769 4674 823 4730 867
842 4675 937 4730 adnot.
951 4675 985 4743 5),
1012 4674 1097 4728 etiam
1125 4677 1252 4738 ,urnam“
1273 4690 1290 4726 a
1309 4672 1422 4726 Graecis
1439 4672 1469 4725 in

244 4770 355 4825 Hempel.
1274 4760 1292 4815 5
