3525 5342
752 319 1033 440 ⁴-50-

285 559 438 635 quomodo
468 558 597 616 incidere
629 557 768 632 potuerit,
804 574 866 615 non
900 557 998 615 video.
1044 557 1112 615 Non
1143 557 1222 614 eninr
1253 558 1372 615 credam
1403 575 1448 624 eo,
1481 558 1563 632 quod

286 649 390 706 eadem
428 648 521 705 verba
562 647 716 726 „secunda
753 641 889 704 semina“
930 646 1013 704 brevi
1051 648 1124 721 post
1159 648 1348 721 repetuntur,
1388 663 1457 703 eum
1494 664 1563 705 esse

286 738 454 804 seductum,
479 738 515 792 ut
537 736 615 794 idem
638 735 714 793 haec
737 734 910 809 significare
938 738 1081 792 censeret
1125 734 1193 793 Nisi
1216 735 1293 792 forte
1316 735 1464 792 rationem
1487 735 1564 792 inter

284 826 360 884 haec
391 825 588 900 pronuntiata
621 824 854 882 intercedentem
884 840 946 881 non
977 823 1139 898 perspexit
1184 823 1250 882 Hae
1280 823 1360 881 enim
1391 824 1564 881 1111111111

287 909 460 994 „secunda“
486 913 572 971 vocis
599 907 752 991 „reliqua“
778 913 844 970 loco
868 912 918 970 hic
941 930 1009 970 esse
1036 913 1179 987 positum.
1224 912 1290 983 Quo
1313 912 1438 980 accedit,
1471 913 1561 988 quod,

284 1004 312 1061 si
328 1003 415 1061 aliter
437 1020 485 1060 res
502 1021 534 1060 se
551 1002 683 1070 haberet,
708 1003 906 1059 membrorum
922 1001 1094 1076 aequalitas
1110 1001 1294 1059 intolerabili
1311 1002 1401 1060 modo
1417 1001 1565 1058 deleretur

285 1109 381 1167 neque
405 1090 634 1165 intellegeretur,
660 1107 712 1147 cur
736 1090 772 1147 de
796 1091 929 1148 secundo
952 1092 1072 1148 tantum
1094 1107 1201 1165 genere
1224 1091 1256 1148 id
1271 1090 1385 1148 dictum
1408 1090 1458 1158 sit,
1483 1091 1563 1165 quod

285 1182 398 1239 maiore
422 1180 514 1238 etiam
544 1180 608 1236 1111
631 1179 667 1236 de
698 1179 789 1237 tertio
820 1181 850 1237 et
880 1181 989 1254 quarto
1012 1179 1104 1238 valet.
1150 1178 1228 1248 Quin
1259 1179 1351 1236 etiam
1382 1196 1444 1236 non
1467 1196 1564 1236 errare

285 1269 359 1327 mihi
381 1269 487 1326 videor
517 1269 691 1336 autumans
724 1267 751 1325 si
774 1268 870 1325 Varro
893 1270 987 1326 verba
1016 1267 1179 1348 „secunda
1213 1286 1291 1344 quae
1315 1268 1413 1325 exiis
1438 1268 1565 1325 collecta

286 1403 293 1416 .
318 1402 324 1415 .
350 1405 356 1416 .
379 1352 472 1414 nata“
506 1373 610 1413 revera
641 1374 678 1414 ea
700 1359 798 1414 mente
830 1358 942 1432 posuit,
978 1359 1013 1413 ut
1045 1358 1085 1415 ad
1119 1357 1285 1414 secundum
1318 1359 1438 1414 tantum
1467 1374 1563 1431 genus

285 1447 472 1514 referrentur,
510 1445 605 1520 sequi,
640 1449 674 1502 ut
701 1445 806 1514 Varro,
843 1463 912 1503 eum
942 1447 1142 1504 membrorum
1171 1445 1344 1522 aequalitas
1376 1445 1441 1504 sine
1473 1446 1564 1503 dubio

287 1534 424 1610 appetita
448 1534 497 1603 sit,
524 1551 647 1609 prorsus
670 1535 856 1609 ignoraverit
877 1536 970 1593 verbo
989 1532 1144 1614 „reliqua“
1170 1552 1231 1592 non
1247 1536 1412 1592 secundum
1433 1536 1562 1602 tantum,

286 1623 454 1682 sedetiam
487 1623 608 1680 tertium
632 1625 662 1680 et
693 1625 833 1698 quartum
864 1640 961 1698 genus
990 1624 1144 1682 contineri
1189 1624 1221 1680 ld
1246 1626 1340 1682 esset:
1376 1623 1565 1680 111111111-

287 1712 446 1788 phrastum
468 1712 568 1786 ipsum
592 1729 654 1769 non
677 1713 796 1786 legisse,
830 1713 883 1769 sed
907 1712 990 1770 illam
1021 1713 1149 1787 priorem
1172 1713 1355 1770 sententiam
1378 1714 1417 1770 ab
1441 1715 1565 1770 auctore

287 1801 447 1875 recepisse,
477 1801 675 1876 posteriorem
707 1803 808 1858 autem
831 1803 888 1858 aut
908 1803 945 1858 ut
967 1802 1168 1876 paraphrasin
1192 1803 1229 1859 de
1252 1819 1309 1859 suo
1333 1801 1488 1859 addidisse
1511 1803 1566 1858 aut

286 1909 307 1948 a
341 1890 497 1965 Diophane
532 1890 667 1948 additam
701 1891 859 1965 recepisse.
906 1890 969 1947 lam
1005 1891 1062 1948 hoe
1100 1890 1204 1948 missis
1238 1891 1346 1948 ceteris
1381 1890 1564 1965 argumentis

288 1979 430 2046 sufficiet,
464 1981 507 2048 ut,
541 1979 711 2054 quicunque
747 1997 766 2036 a
788 1978 886 2036 Keilio
919 1981 991 2046 stat,
1028 1997 1062 2036 se
1097 1997 1214 2037 errasse
1248 1980 1402 2037 concedat
1448 1979 1565 2036 Addam

287 2069 395 2126 melius
418 2068 494 2124 haec
509 2069 604 2125 verba
626 2068 657 2125 in
672 2067 763 2124 tinem
787 2068 971 2143 paragraphi
985 2067 1093 2125 tertiae
1117 2068 1226 2143 capitis
1244 2068 1285 2125 39
1310 2069 1458 2142 quadrare
1474 2070 1565 2142 atque

287 2157 335 2216 hie
362 2152 534 2237 „secunda“
561 2173 621 2213 non
653 2156 788 2214 converti
823 2157 890 2226 ,die
920 2157 1081 2225 nweiten‘,
1114 2157 1168 2214 sed
1194 2157 1262 2236 „die
1292 2153 1483 2231 folgenden“.
1529 2156 1564 2212 ct.

289 2266 313 2304 e.
329 2265 356 2321 g.
380 2246 414 2302 V.
431 2245 457 2302 Π
474 2245 503 2313 9,
519 2247 546 2304 7.

395 2333 450 2391 His
473 2335 574 2392 verbis
598 2334 738 2392 tractatis
761 2335 822 2391 iarn
845 2337 964 2393 restant
985 2337 1047 2392 tres
1071 2335 1248 2403 sententiae,
1267 2335 1378 2409 quibus
1395 2336 1564 2408 praecepta,

211 2468 214 2476 ,
286 2441 366 2499 quae
398 2423 520 2480 aliunde
551 2425 643 2498 atque
675 2441 712 2480 ex
735 2423 944 2497 Theophrasto
973 2425 1087 2481 hausta
1110 2428 1191 2492 sunt,
1218 2424 1418 2490 continentur,
1443 2439 1565 2497 nempe:

291 2512 411 2583 ,Prima
445 2511 561 2570 semina
594 2512 694 2570 ridere
734 2514 854 2586 oportet
884 2529 922 2568 ne
952 2515 1106 2569 vestutate
1130 2512 1193 2570 sint
1216 2515 1344 2569 exsucta
1367 2514 1422 2569 aut
1443 2530 1482 2569 ne
1505 2511 1567 2569 sint

289 2601 424 2658 admixta
459 2604 514 2658 aut
548 2619 584 2658 ne
619 2603 741 2677 propter
774 2600 1002 2657 similitudinem
1036 2601 1098 2658 sint
1132 2601 1311 2658 adulterina
1347 2618 1450 2658 semen
1477 2603 1566 2658 vetus

286 2691 408 2747 tantum
430 2690 514 2747 valet
536 2690 568 2747 11
592 2689 773 2765 quibusdam
797 2690 897 2757 rebus,
922 2692 958 2746 ut
980 2692 1121 2746 naturam
1138 2693 1298 2750 conmutat.
1314 2706 1385 2746 nam
1401 2707 1438 2746 ex
1454 2689 1567 2746 semine

288 2778 443 2836 brassicae
466 2780 566 2836 vetere
582 2781 652 2836 sato
668 2779 755 2836 nasci
771 2778 859 2834 aiunt
874 2795 950 2853 rapa
966 2780 996 2835 et
1012 2782 1118 2836 contra
1133 2796 1171 2836 ex
1185 2796 1326 2853 raporum
1342 2774 1566 2853 brassicam.“¹)

287 2868 420 2937 Quarum
454 2867 561 2925 ultima
594 2885 642 2925 res
674 2868 844 2933 narrantur,
881 2884 960 2941 quae
991 2868 1079 2925 nobis
1110 2867 1231 2942 quidem
1254 2867 1332 2925 satis
1353 2869 1476 2942 ineptae
1498 2884 1567 2925 esse

288 2956 436 3014 videntur.
482 2956 563 3014 Idem
588 2974 623 3013 ac
646 2972 704 3013 nos
728 2955 848 3014 censuit
871 2955 1110 3031 Theophrastus,
1136 2974 1203 3014 cum
1227 2956 1355 3014 similem
1375 2973 1437 3013 1111
1452 2956 1569 3030 respuit

287 3044 372 3102 hisce
394 3045 496 3102 verbis
519 3045 547 3102 h.
564 3045 604 3119 pl.
627 3044 699 3113 112,
715 3045 750 3102 9:
778 3041 840 3123 ἤδη
866 3041 902 3104 de'
922 3064 1002 3110 τινες
1024 3042 1078 3104 καὶ
1101 3043 1136 3104 ἐκ
1159 3042 1285 3124 κριθῶν
1308 3043 1470 3123 ἀναφῦναί
1489 3064 1568 3123 φασι

289 3128 411 3213 πυροὺς
444 3130 498 3192 καὶ
532 3131 568 3192 ἐκ
602 3135 715 3211 πυρῶν
749 3130 866 3212 κριθὰς
897 3130 951 3192 καὶ
981 3130 1032 3192 ἐπὶ
1062 3136 1117 3193 τοῦ
1145 3131 1243 3194 αὐτοῦ
1266 3131 1433 3212 πυθμένος
1456 3131 1567 3213 ἄμφω.

286 3225 385 3283 ταῦτα
407 3219 467 3300 μὲν
490 3217 548 3282 οὗν
571 3219 618 3288 ὡς
640 3219 871 3300 μυθωδέστερα
896 3219 947 3282 δεῖ
966 3218 1122 3301 δέχεσθαι.

396 3311 460 3368 lam
490 3312 530 3369 ad
561 3313 725 3369 secundum
755 3329 851 3386 genus
883 3311 1054 3369 accedimus
1078 3308 1107 3390 lg
1124 3311 1163 3388 3),
1196 3312 1278 3387 quod
1302 3330 1339 3369 ea
1362 3312 1570 3386 complectitur

288 3401 406 3458 semina
432 3400 921 3479 η111111111111111111111111
943 3401 1107 3458 interram
1130 3399 1204 3459 viva
1219 3400 1350 3458 radiee“.
1392 3400 1475 3469 Quae
1495 3400 1567 3467 sint,

289 3489 385 3546 Varro
409 3489 591 3557 accuratius
617 3489 697 3546 sicut
719 3490 749 3546 in
773 3490 868 3565 primo
892 3507 1000 3563 genere
1015 3489 1095 3558 iecit,
1112 3507 1174 3547 non
1191 3489 1322 3564 exponit.
1369 3489 1569 3562 Theophrasti

289 3581 393 3636 autem
427 3578 596 3636 doctrinam
630 3579 862 3652 respicientibus
898 3579 986 3636 nobis
1021 3578 1182 3636 verisimile
1216 3579 1261 3647 iit,
1297 3595 1369 3646 non,
1405 3580 1441 3634 11
1470 3576 1568 3635 Keilio

290 3667 392 3724 visum
427 3668 483 3734 est,
519 3666 644 3739 genesin
679 3663 743 3726 ἀπὸ
778 3664 867 3745 ῥίζης
901 3669 1032 3734 tantum,
1065 3668 1119 3724 sed
1150 3668 1241 3725 etiam
1263 3663 1476 3745 παρασπάθος
1499 3667 1572 3734 huic,

290 3755 394 3830 generi
423 3755 532 3812 inesse.
578 3754 655 3811 Nam
685 3756 764 3813 hanc
795 3772 917 3831 quoque
947 3756 1096 3814 interdum
1119 3756 1273 3814 radicibus
1296 3756 1342 3813 uti
1365 3755 1463 3812 elucet
1485 3755 1571 3813 velut

290 3843 348 3900 hoo
371 3843 439 3901 loeo
462 3844 490 3900 h.
507 3843 545 3917 pl.
562 3844 589 3901 ll
609 3844 634 3911 1,
651 3844 686 3902 3:
711 3840 815 3904 δεῖδὲ
837 3841 1012 3924 ὑπόρριζον
1035 3840 1112 3905 εἶναι
1133 3841 1266 3923 μάλιστά
1290 3865 1325 3922 γε
1339 3840 1375 3904 τὸ
1390 3841 1568 3922 παρασπόν-

290 3951 388 4009 μενον
412 3931 432 4010 ἢ
455 3929 670 4011 ὑπόπρεμνον.
704 3930 742 3992 οὐ
773 3929 839 4012 μὴν
870 3930 948 3993 ἀλλὰ
970 3930 1025 3993 καὶ
1047 3930 1122 3993 ἄνευ
1144 3931 1256 3994 τούτου
1279 3929 1366 3994 θέλει
1387 3929 1570 4012 βλαστάνειν

289 4017 345 4080 καὶ
367 4017 428 4099 ῥόα
451 4017 505 4080 καὶ
527 4019 628 4100 μηλέα
652 4019 768 4101 ἕαρινή.
814 4022 879 4080 Hae
902 4022 994 4095 igitur
1017 4023 1096 4080 duae
1119 4023 1236 4097 speeies
1260 4022 1333 4098 quin
1357 4022 1570 4079 contineantur

290 4110 424 4167 secundo
459 4126 566 4184 genere
591 4111 788 4180 Varroniano,
825 4128 885 4168 non
920 4114 968 4169 est
999 4128 1053 4168 cur
1082 4112 1266 4180 dubitemne,
1301 4111 1478 4185 praesertim
1501 4128 1569 4168 eum

291 4199 384 4256 etiam
415 4198 498 4267 ordo,
531 4216 591 4274 quo
616 4199 843 4274 Theophrastus
868 4200 1006 4274 singulas
1033 4201 1172 4274 geneseis
1196 4203 1359 4266 enumerat,
1392 4201 1571 4258 adservetur

292 4304 346 4346 nec
369 4286 481 4344 lacuna
503 4287 574 4355 hiet,
601 4288 627 4345 si
650 4288 775 4363 genesin
798 4285 861 4347 ἀπὸ
884 4285 1095 4367 παρασπάὸος
1118 4290 1167 4347 hio
1189 4306 1392 4346 numeramus
1438 4289 1472 4346 Id
1488 4288 1570 4363 quod

291 4375 371 4433 inira
393 4376 577 4434 luculentius
601 4377 766 4452 apparebit.
804 4396 808 4404 ’

401 4582 418 4651 ¹)
436 4584 513 4638 Haeo
531 4583 608 4637 effici
626 4600 683 4638 non
702 4586 821 4654 possunt
845 4601 879 4638 ex
905 4601 928 4641 e.
947 4585 983 4655 pl.
996 4584 1034 4638 IV
1045 4585 1072 4650 3,
1084 4586 1107 4639 1.
1145 4585 1250 4638 Similia
1272 4584 1403 4654 leguntur
1420 4600 1502 4654 geop.
1520 4582 1571 4637 Xll

295 4654 336 4720 17,
346 4653 389 4708 22.
409 4654 444 4710 ci.
464 4656 551 4708 etiam
569 4655 632 4711 ibid.
646 4655 670 4708 Π
684 4654 725 4720 16,
739 4657 749 4709 1
762 4671 802 4725 sq.
