3525 5342
738 371 961 436 ,51-

316 553 435 628 ltaque,
470 569 538 610 cum
574 554 631 611 hoc
666 571 719 628 pro
751 556 833 611 certo
865 555 1000 611 statuere
1023 553 1188 627 possimus,
1214 554 1275 611 iam
1297 556 1489 613 transeamus

209 645 248 702 ad
273 642 523 805 Slnlgdldddeptum,
542 730 623 805 quod
639 731 766 805 primum
782 730 926 804 legimus:
946 731 1100 811 „secunda
1120 731 1237 788 semina
1252 731 1353 788 videre
1370 736 1491 807 oportet

209 839 257 890 ne,
282 821 362 878 unde
384 820 487 883 tollas,
512 819 637 876 nimium
661 820 721 877 cito
746 822 801 877 aut
822 820 908 876 tarde
930 814 1044 877 tollas“
1070 819 1191 877 aliunde
1214 822 1308 896 atque
1331 838 1369 878 ex
1391 822 1489 880 Theo·

210 911 338 986 phrasto
363 910 465 976 oritur,
491 926 559 965 cum
583 908 665 982 apud
688 908 768 965 hunc
792 907 888 966 simile
904 926 965 966 non
981 909 1160 966 inveniatur.
1199 908 1310 966 Contra
1330 911 1490 984 sequentia

210 1017 247 1056 ex
279 999 344 1056 eius
376 997 519 1072 operibus
550 996 710 1055 fluxerunt.
757 997 868 1056 Exstat
898 997 977 1055 enim
1001 998 1037 1055 de
1061 1015 1085 1055 c.
1101 997 1140 1072 pl.
1157 997 1170 1054 I
1187 997 1215 1066 6,
1231 998 1267 1057 3;
1297 994 1422 1076 εὔλογοι
1454 997 1489 1059 δὲ

209 1085 264 1148 καὶ
286 1087 319 1146 αἱ
342 1081 434 1165 ὧραι,
456 1083 579 1165 μᾶλλον
603 1082 638 1146 δὲ
662 1085 740 1152 ἴσως
763 1083 940 1164 ἀναγκαῖαι,
964 1083 1041 1146 καθ’
1065 1085 1104 1152 ἃς
1127 1082 1181 1145 καὶ
1204 1082 1289 1153 ὅλως
1304 1083 1488 1167 ἐπιβλαστή-

209 1197 273 1244 σεις
307 1174 441 1254 γίνονται
474 1172 665 1253 μετόπωρον
699 1195 731 1234 τε
761 1172 815 1234 καὶ
846 1173 903 1252 ἔαρ
930 1172 984 1234 καί
1004 1170 1102 1241 κυνὸς
1124 1172 1258 1254 introiri,
1293 1193 1373 1251 quae
1395 1179 1490 1235 verba

209 1269 335 1324 auctore
358 1265 516 1323 nominato
539 1264 635 1322 Varro
656 1264 749 1339 refert
771 1264 835 1326 his:
863 1266 1002 1344 „tempus
1026 1264 1104 1321 enim
1119 1263 1269 1333 idoneum,
1288 1265 1368 1340 quod
1385 1266 1490 1323 scribit

208 1355 446 1430 Theophrastus
479 1369 548 1410 vere
581 1356 612 1410 et
642 1355 789 1411 autumno
818 1357 849 1410 et
872 1352 1029 1410 caniculae
1053 1348 1189 1410 exortu“.
1235 1354 1334 1428 Atque
1356 1354 1428 1411 item
1451 1373 1489 1412 ex

208 1444 309 1502 verbis
332 1443 401 1500 ibid.
426 1438 497 1520 §92
533 1438 582 1502 δεῖ
613 1438 648 1501 δὲ
678 1439 732 1501 καὶ
761 1438 843 1520 πρὸς
864 1438 921 1508 τὰς
950 1440 1061 1520 χώρας
1090 1439 1261 1520 λαμβάνειν
1290 1440 1346 1510 τὰς
1373 1441 1489 1510 οἰκείας

210 1531 300 1610 ὥρας
329 1528 383 1591 καὶ
413 1527 495 1609 πρὸς
517 1527 572 1597 τὰς
594 1533 658 1590 τῶν
683 1527 826 1609 δένδρων
849 1528 980 1610 φύσεις·
1005 1527 1072 1590 ἐπεὶ
1092 1527 1129 1590 τὰ
1152 1527 1212 1609 μὲν
1235 1529 1361 1608 ἔνυδρα,
1392 1528 1430 1592 τὰ
1455 1529 1489 1592 δὲ

210 1618 303 1701 ξηρά,
332 1617 385 1680 καὶ
415 1617 585 1698 λεπτογείῳ
617 1617 746 1698 ἄμεινον
776 1617 836 1698 μὲν
865 1616 902 1680 τδ
926 1618 1003 1695 ἔαρ·
1027 1619 1145 1680 οἰκεῖον
1168 1616 1229 1698 γὰρ
1252 1618 1355 1688 οὕτως
1379 1617 1430 1680 διδ
1453 1618 1488 1682 τὸ

210 1707 315 1787 ὀλίγον
346 1708 426 1788 ἔχειν
456 1705 491 1769 ιδ
522 1706 630 1786 ὑγρόν.
662 1706 696 1768 ἐν
719 1705 754 1768 δὲ
776 1711 823 1786 τῷ
846 1706 957 1786 ιδγείῳ
981 1705 1035 1768 καὶ
1057 1705 1198 1788 πηλώδει
1220 1705 1256 1768 ιδ
1278 1707 1488 1788 μετόπωρον·

209 1802 266 1859 τοῦ
290 1795 351 1877 γὰρ
373 1794 453 1877 ἦρος
476 1793 575 1876 πολλὴ
599 1794 668 1857 λίαν
690 1796 710 1876 ἡ
735 1795 870 1877 ὑγρότης
893 1794 975 1876 πρὸς
989 1794 1025 1857 τὸ
1043 1794 1199 1876 διατηρεῖν
1215 1796 1278 1864 ἕως
1293 1797 1335 1858 ἔτι
1351 1796 1495 1877 διαμένει.

208 1885 244 1948 τδ
276 1885 425 1965 δάκρυον.
457 1884 614 1964 ὁρίζονται
642 1884 677 1946 δέ
706 1907 785 1953 τινες
815 1889 907 1946 τοῦτο
930 1883 1094 1966 τριάκονθ’
1118 1884 1261 1965 ἡμέραις’
1292 1887 1488 1946 hauddubie

210 1995 356 2051 expressa
386 1979 467 2044 sunt,
501 1976 560 2032 etsi
583 1975 672 2034 valde
696 1976 882 2042 circumcisa,
914 1976 990 2034 haec
1013 1975 1174 2037 Varronis:
1208 1993 1324 2050 ,neque
1348 1977 1488 2034 omnibus

209 2065 285 2123 locis
317 2084 353 2123 ac
384 2065 543 2138 generibus
575 2064 662 2122 idem.
693 2066 724 2121 in
755 2064 835 2122 sicco
868 2067 899 2121 et
925 2082 1026 2122 macro
1050 2064 1117 2122 loco
1141 2067 1171 2122 et
1194 2063 1338 2139 argilloso
1361 2082 1488 2123 vernum

209 2158 330 2229 tempus
361 2154 511 2221 idoneum,
545 2170 604 2227 quo
636 2153 735 2211 minus
767 2155 859 2212 habet
889 2153 1019 2211 umoris:
1050 2154 1081 2210 in
1111 2156 1191 2210 terra
1223 2155 1303 2211 bona
1326 2172 1362 2211 ac
1385 2154 1488 2228 pingui

211 2247 367 2310 autumno,
394 2243 474 2318 quod
497 2260 567 2300 vere
583 2242 696 2300 multus
713 2231 813 2300 umor.¹
836 2260 928 2317 quam
945 2242 1094 2300 sationem
1111 2243 1233 2317 quidam
1249 2243 1412 2300 metiuntur
1426 2243 1488 2300 fere

211 2333 318 2390 diebus
341 2331 446 2389 XXX.“
490 2332 548 2389 Sed
572 2349 663 2406 quam
687 2349 826 2406 perverse
848 2332 924 2389 haee
941 2332 981 2389 ad
997 2332 1161 2388 secundum
1177 2349 1273 2405 genus
1289 2332 1387 2389 relata
1403 2335 1486 2389 sunt!

209 2423 237 2479 A
260 2421 468 2495 Theophrasto
493 2420 572 2478 enim
595 2420 648 2477 illa
670 2437 731 2478 non
756 2421 792 2477 de
816 2421 860 2477 eis
883 2420 1043 2494 generibus
1060 2420 1258 2495 proferuntur,
1284 2438 1362 2494 quae
1379 2438 1487 2478 secun-

211 2512 290 2579 dum,
317 2510 370 2568 sed
394 2528 471 2584 quae
496 2511 637 2584 quartum
661 2527 756 2582 genus
772 2508 994 2567 Varronianum
1019 2509 1164 2577 efficiunt,
1188 2509 1219 2565 id
1235 2511 1283 2566 est
1299 2510 1334 2566 de
1350 2510 1488 2567 inocula-

209 2600 292 2657 tione
324 2617 360 2656 ac
393 2599 429 2656 de
461 2599 612 2656 insitione.
659 2599 734 2655 Tam
756 2599 926 2656 inauditum
950 2615 1076 2656 errorem
1100 2598 1237 2672 equidem
1261 2598 1327 2655 fieri
1350 2599 1487 2673 potuisse

209 2706 271 2746 non
303 2689 399 2756 credo,
434 2687 460 2744 si
483 2688 579 2745 Varro
610 2688 676 2762 ipse
699 2688 940 2762 Theophrastum
969 2687 1167 2746 adhibuisset.
1212 2686 1277 2744 Etsi
1301 2687 1379 2744 enim
1403 2688 1487 2745 dicas

209 2778 382 2845 Varronem,
416 2794 483 2833 oum
514 2777 571 2834 hos
604 2776 698 2834 libros
722 2779 923 2851 componeret,
955 2776 1196 2850 Theophrastum
1219 2776 1319 2850 ipsum
1342 2777 1403 2833 iam
1426 2793 1488 2834 non

210 2869 280 2924 ante
312 2866 418 2924 oculos
449 2865 603 2934 habuisse,
637 2866 690 2923 sed
722 2866 824 2940 potius
849 2868 998 2940 excerpta,
1032 2883 1110 2940 quae
1132 2865 1253 2931 iecerat,
1279 2865 1486 2940 exscripsisse,

209 2957 312 3013 tamen
342 2955 387 3011 ita
410 2955 552 3012 eflectum
575 2972 652 3023 esse,
685 2957 721 3012 ut
743 2955 893 3012 eiusmodi
915 2955 1158 3029 perturbationes
1182 2957 1344 3022 orerentur,
1377 2955 1488 3012 nemini

211 3044 301 3101 facile
332 3044 526 3118 persuadeas
573 3043 606 3101 Si
638 3043 716 3101 enim
749 3043 818 3119 quis
849 3046 939 3101 tanta
969 3043 1126 3117 diligentia
1156 3043 1396 3117 Theophrastum
1427 3061 1488 3101 non

210 3133 299 3190 modo
330 3132 462 3207 perlegit,
496 3132 550 3190 sed
581 3132 681 3199 etiam,
714 3133 745 3191 id
769 3133 849 3208 quod
873 3133 953 3190 infra
975 3132 1167 3189 manifestius
1190 3132 1252 3200 fiet,
1278 3132 1390 3207 ubique
1414 3149 1487 3189 auc-

209 3224 305 3280 torem
336 3224 461 3279 secutus
492 3224 540 3279 est
570 3223 661 3296 atque
685 3222 797 3296 optime
819 3221 914 3288 novit,
947 3223 1064 3295 quanta
1087 3221 1123 3289 ei,
1149 3220 1202 3294 qui
1225 3220 1388 3278 Varronem
1412 3221 1487 3277 haec

212 3310 313 3368 omnia
341 3327 377 3367 ex
401 3310 609 3385 Theophrasto
633 3311 701 3385 ipso
725 3310 868 3368 hausisse
892 3313 1024 3376 censent,
1057 3309 1230 3366 necessario
1254 3311 1371 3382 putant,
1404 3309 1431 3366 is
1455 3309 1486 3365 in

210 3401 273 3456 tam
304 3417 412 3473 graves
446 3417 559 3457 errores
590 3399 719 3457 incidere
749 3416 810 3456 non
841 3401 952 3472 potest.
997 3397 1041 3454 Ne
1065 3398 1192 3455 afferam
1215 3397 1254 3466 id,
1287 3399 1367 3471 quod
1391 3397 1486 3455 Varro

210 3490 365 3562 praeterea
387 3488 417 3544 in
442 3506 477 3545 eo
500 3488 613 3545 falsum
637 3488 765 3556 exhibet,
791 3487 872 3563 quod
896 3486 927 3544 in
951 3485 1096 3560 argillosa
1117 3488 1198 3543 terra
1220 3503 1289 3542 vere
1312 3485 1412 3542 minus
1428 3485 1486 3542 hu·

211 3577 302 3635 moris
320 3595 388 3634 esse
404 3576 526 3652 putavit
542 3593 633 3651 quam
649 3579 804 3644 autumno,
822 3576 853 3633 id
866 3576 949 3650 quod
964 3575 1113 3633 contrarie
1130 3574 1247 3633 evenire
1263 3591 1349 3631 nemo
1365 3574 1486 3648 ignorat

210 3683 246 3722 ac
269 3668 348 3723 recte
371 3666 452 3740 apud
476 3665 716 3740 Theophrastum
739 3665 855 3739 legitur.
903 3665 968 3735 Quo
992 3664 1108 3722 accedit
1138 3664 1265 3721 alterum
1287 3662 1371 3732 illud,
1404 3663 1485 3738 quod

209 3756 318 3812 verba:
345 3751 521 3834 ,,δρίζονται
544 3751 580 3814 δέ
601 3775 680 3821 τινες
702 3757 795 3814 τοῦτο
816 3750 981 3832 τρίαιιονδ’
1005 3747 1156 3832 ἡμέραις“
1188 3751 1268 3810 sicut
1290 3751 1393 3809 omnia
1414 3751 1485 3809 item
1587 3757 1590 3763 '

210 3844 249 3900 ad
273 3843 331 3901 hoc
354 3843 484 3902 sationis
507 3861 603 3918 genus
626 3843 744 3901 rettulit
767 3845 858 3918 atque
882 3861 949 3900 eam
973 3844 1012 3900 ob
1036 3859 1161 3900 causam
1184 3841 1258 3899 illud
1280 3843 1373 3900 τοῦτο
1392 3841 1486 3898 inter-

209 3933 348 4006 pretatus
379 3935 427 3990 est
462 3950 574 4012 „quam
605 3927 785 4001 sationem“,
818 3950 886 3989 cum
916 3949 1022 3990 revera
1051 3932 1109 3988 boc
1139 3947 1303 4005 pronomen
1326 3930 1486 3987 manifeste

210 4023 327 4094 spectet
350 4022 404 4079 ad:
434 4017 470 4079 τδ
499 4018 654 4100 διατηρεῖν
677 4019 739 4087 ἕως
762 4019 804 4080 ἔτι
828 4017 966 4100 διαμένει
987 4016 1024 4079 ιδ
1048 4016 1199 4099 δάκρυον.
1245 4019 1328 4089 Quae
1352 4036 1420 4077 cum
1442 4019 1487 4076 ita

211 4109 282 4179 sint,
316 4111 484 4184 putandum
515 4113 564 4168 est
587 4128 632 4178 ea,
666 4127 744 4185 quae
768 4127 872 4168 revera
896 4110 935 4167 ad
958 4109 1016 4167 hoc
1038 4126 1135 4184 genus
1158 4108 1357 4182 pertinebant,
1382 4108 1486 4166 nescio

210 4215 271 4273 quo
294 4199 383 4256 modo
407 4199 523 4273 perisse
547 4201 674 4273 excepta
696 4199 793 4274 prima
807 4199 899 4256 huius
916 4198 1098 4273 paragraphi
1114 4197 1275 4265 sententia,
1301 4214 1380 4271 quae
1396 4197 1485 4272 quasi

209 4286 337 4344 miserae
368 4287 458 4346 huius
482 4288 578 4361 partis
602 4287 745 4362 reliquiae
769 4289 850 4356 sunt,
884 4305 987 4346 eorum
1010 4289 1113 4344 autem
1135 4286 1202 4344 loco
1226 4304 1271 4355 ea,
1305 4303 1383 4361 quae
1406 4301 1486 4342 nune

211 4373 360 4448 leguntur,
387 4394 406 4433 a
427 4376 562 4435 Varrone
586 4394 654 4435 esse
678 4375 855 4434 substituta.

319 4465 465 4523 Venimus
488 4482 569 4522 nunc
592 4466 631 4523 ad
653 4465 775 4522 tertium
798 4483 895 4538 genus
918 4468 1010 4540 atque
1032 4464 1150 4533 iterum,
1175 4466 1211 4521 ut
1233 4480 1327 4537 supra
1347 4461 1484 4530 fecimus,

214 4555 342 4629 primum
365 4553 560 4629 inquiremus,
586 4570 664 4629 quae
684 4554 762 4612 ratio
778 4554 856 4613 inter
870 4553 929 4613 hoc
944 4571 1040 4628 genus
1055 4556 1086 4610 et
1101 4551 1302 4627 Theophrasti
1317 4550 1486 4609 doctrinam

208 4642 384 4710 intercedat,
409 4643 483 4712 tum,
508 4643 589 4702 unde
612 4643 733 4718 singula
755 4644 869 4701 hausta
892 4643 961 4701 sint.

1270 4739 1305 4793 4}
