3525 5342
816 419 1038 483 ,63-

289 599 380 658 vallis
404 600 540 675 singulos
565 601 790 676 sesquimenses
806 601 1031 660 continentibus
1047 603 1170 660 constat
1184 605 1215 659 et
1230 619 1251 660 a
1265 601 1426 661 Februario
1442 602 1565 660 orditur.

289 689 454 763 Oportebat
476 690 568 762 igitur
592 707 668 758 eum,
694 691 747 765 qui
769 689 935 749 Varronem
958 690 1100 748 adhibere
1122 690 1228 756 voluit,
1259 690 1324 748 eius
1348 691 1566 764 ephemeridem

289 795 364 836 suae
387 780 555 852 temporum
578 779 690 836 rationi
724 779 960 845 accommodare,
997 797 1060 854 qua
1093 797 1125 836 re
1158 780 1243 836 lacta
1280 796 1326 848 ea,
1366 796 1445 854 quae
1483 781 1566 854 apud

288 867 450 924 Varronem
481 867 606 939 invenit,
637 869 668 924 in
700 885 788 926 usum
820 885 910 926 suum
943 870 1117 926 convertere
1147 869 1255 943 potuit
1302 867 1365 925 lam
1388 869 1419 925 in
1442 869 1565 943 singula

287 956 491 1030 inquiramus:

394 1045 619 1103 Januarius
663 1043 757 1121 (geop.
786 1063 809 1102 c.
834 1044 856 1122 Ι)
893 1046 973 1103 inest
1006 1045 1037 1102 in
1072 1048 1183 1103 octavo
1222 1045 1366 1104 Varronis
1404 1046 1565 1104 intervallo

288 1131 362 1208 (cap.
380 1134 441 1211 36).
465 1134 633 1209 geoponica
656 1137 774 1209 praeter
797 1134 859 1191 alia
882 1134 1039 1208 permulta,
1070 1152 1149 1210 quae
1178 1135 1259 1210 apud
1282 1137 1419 1192 nostrum
1442 1135 1566 1193 omnino

287 1223 405 1290 desunt,
441 1223 532 1280 etiam
563 1223 639 1280 haec
668 1223 825 1298 proferunt
847 1220 865 1303 ἓ
885 1224 918 1280 l:
949 1220 1011 1302 χρὴ
1041 1219 1097 1290 τὰς
1128 1220 1367 1302 ἀναδενδράδας
1393 1220 1564 1284 κλαδεύειν.

287 1308 358 1389 ξῧτ
381 1314 428 1388 τῷ
451 1309 539 1389 αὐτῷ
560 1310 637 1390 μηνὶ
659 1308 822 1372 κλαδεύειν
844 1309 906 1391 χρὴ
931 1308 1064 1390 καλιὴν
1087 1314 1211 1391 χαμῖτιν
1238 1309 1381 1390 ἄμπελον
1404 1309 1565 1383 ὀξυτάτοις

287 1396 463 1478 δρεπάνοις,
487 1397 745 1479 φυλαττομένους
768 1399 891 1480 ἡμέρας
913 1399 967 1460 καὶ
989 1399 1079 1479 ὥρας
1101 1397 1235 1467 εὐδινάς.
1280 1401 1466 1472 Quibuscum
1489 1402 1565 1459 haec

287 1489 442 1546 conteras:
469 1489 594 1568 „vineas
619 1491 805 1564 arbustaque
826 1493 933 1564 putare
957 1488 1008 1565 (se.
1026 1487 1181 1566 oportetl.‘
1219 1485 1290 1568 §tiz
1313 1485 1370 1569 τὴν
1393 1486 1495 1568 ξηρὰν
1510 1487 1565 1549 καὶ

285 1574 341 1655 τὴν
364 1574 494 1656 κούφην
516 1575 570 1637 καὶ
592 1574 707 1657 λευκὴν
738 1576 791 1638 καὶ
820 1572 974 1657 γήλοφον,
1004 1576 1183 1656 λετιτάγειόν
1209 1598 1241 1638 τε
1263 1576 1318 1638 καλ
1339 1576 1482 1657 ἀμμώόη
1507 1583 1565 1658 γῆν

286 1662 340 1725 καὶ
373 1662 430 1744 τὴν
464 1664 563 1744 ῥιζῶν
597 1664 651 1727 καὶ
684 1664 885 1746 δαμνώδους
917 1664 999 1734 πόας
1033 1665 1202 1728 ἀνάπλεων
1225 1713 1231 1727 .
1256 1713 1263 1726 .
1288 1713 1294 1727 .
1325 1671 1382 1727 νῦν
1413 1663 1478 1747 πρδ
1508 1670 1565 1728 τοῦ

285 1753 435 1830 κοπρίοαι
458 1752 572 1835 ἀρόσαι
593 1754 726 1836 βραχέσι
748 1759 812 1822 τοῖς
835 1753 983 1834 ἀρότροις
1005 1754 1059 1816 καὶ
1082 1754 1207 1822 εὐύέως
1229 1755 1386 1835 κοπρίσαι.

392 1845 427 1902 V.
450 1845 535 1904 ibid.:
562 1846 629 1925 „sin
653 1846 807 1903 siccitates
831 1848 906 1903 sunt
928 1849 959 1903 ct
980 1848 1061 1903 terra
1082 1845 1313 1904 teneritudinem
1328 1846 1430 1913 habet,
1447 1841 1561 1903 sarire“

286 1930 337 2007 (sc.
363 1931 517 2011 oportet).*
563 1934 723 1992 Praeterea
746 1935 842 1992 Varro
873 1952 934 1992 non
965 1935 1001 1991 de
1024 1938 1113 2001 terra,
1144 1935 1198 1992 sed
1220 1934 1300 1992 falso
1324 1935 1361 1992 de
1383 1937 1566 2010 tempestate

280 2022 368 2081 sicca
390 2020 571 2099 cogitavit¹l

392 2112 640 2170 Februarius
666 2110 761 2188 (geop.
779 2131 802 2170 c.
820 2112 850 2189 2)
887 2113 1058 2171 continetur
1091 2114 1187 2186 primo
1223 2113 1368 2170 Varronis
1402 2112 1564 2170 intervallo

286 2199 360 2275 (cap.
378 2199 440 2277 29).
486 2201 530 2257 Ex
554 2201 606 2269 eie,
634 2219 712 2277 quae
736 2219 822 2277 geop.
846 2201 895 2259 hic
920 2201 1070 2269 exhibent,
1103 2202 1185 2276 apud
1208 2201 1372 2259 Varronem
1395 2200 1493 2258 simile
1516 2201 1566 2258 his

284 2292 403 2347 tantum
428 2289 528 2347 verbis
551 2290 718 2348 invenitur:
743 2287 797 2370 §2
821 2287 924 2368 τούτῳ
945 2295 993 2369 τῷ
1014 2287 1092 2369 μηνὶ
1106 2286 1286 2369 φυτεύομεν
1300 2286 1375 2356 τοὺς
1388 2287 1565 2368 καλάμους,

283 2375 358 2454 πρὶν
382 2375 541 2462 ἄρξασθαι
562 2376 753 2458 βλαστάνειν.
800 2375 870 2458 ξ3ε
894 2376 997 2457 τούτῳ
1019 2384 1066 2457 τῴ
1087 2376 1165 2458 μηνὶ
1187 2376 1241 2438 καλ
1263 2376 1406 2457 ἄμπελον
1427 2376 1482 2438 καλ
1500 2380 1566 2438 πᾶν

284 2464 419 2546 δένδρον
453 2464 508 2527 καὶ
542 2464 624 2546 ῥόδα
659 2465 712 2527 καὶ
746 2465 838 2547 κρίνα
873 2465 1018 2547 φυτεύειν
1048 2466 1121 2547 χρὴ,
1155 2471 1210 2547 τῆς
1240 2465 1374 2547 σελήνης
1394 2464 1564 2546 αὐξούσης,

285 2573 391 2631 nempe
414 2557 446 2613 in
469 2557 517 2614 his
542 2553 560 2636 ξ
579 2557 613 2619 1;
640 2557 823 2636 „seminaria
846 2574 934 2615 omne
957 2573 1052 2631 genus
1076 2560 1112 2614 ut
1134 2553 1320 2616 serantur“.*
1461 2559 1464 2563 ’

391 2645 530 2703 Martii
554 2644 650 2721 (geop.
668 2663 692 2708 c.
710 2645 738 2722 3)
764 2645 828 2703 dies
852 2646 960 2720 viginti
983 2645 1045 2703 fere
1068 2647 1175 2704 insunt
1197 2646 1227 2702 in
1244 2646 1341 2720 primo
1358 2644 1401 2722 (V.
1418 2663 1483 2720 cap.
1500 2644 1563 2721 29),

284 2734 391 2808 reliqui
422 2735 453 2790 in
485 2735 618 2792 secundo
649 2734 809 2793 intervallo
841 2732 917 2810 (cap.
935 2734 996 2812 30).
1044 2734 1183 2792 Conferre
1210 2735 1281 2792 licet
1303 2735 1361 2792 hoc
1384 2734 1468 2793 locos
1492 2731 1566 2814 §2t

282 2819 386 2900 τούτῳ
415 2827 462 2901 τῷ
492 2819 570 2902 μηνλ
592 2820 759 2901 καλάμους
782 2821 954 2902 φυτεντέον
976 2820 1118 2902 πρὸτῆς
1141 2821 1312 2902 ἰσημερίας.
1359 2819 1430 2902 §bt
1461 2819 1566 2901 τούτῳ

281 2916 330 2988 τῴ
362 2909 439 2991 μηνὶ
473 2909 671 2990 φυτεύσομεν
706 2909 769 2972 κτλ.
804 2915 834 2970 et
868 2913 903 2969 V.
922 2912 972 2975 29,
991 2914 1024 2970 1:
1063 2913 1245 2982 ,seminaria
1278 2929 1366 2969 omne
1400 2929 1496 2986 genus
1529 2915 1566 2968 ut

284 2998 471 3058 serantur“.*

391 3089 484 3164 Geop.
508 3089 578 3148 ibid.
599 3090 655 3147 10:
686 3086 740 3149 καλ
771 3088 921 3169 ἀροτριᾶν
952 3086 987 3148 δὲ
1014 3089 1057 3156 εἰς
1079 3085 1218 3168 νεασμδν
1239 3087 1394 3168 προσήκει
1416 3087 1480 3150 κτλ.
1503 3087 1565 3148 οὐκ

283 3176 377 3256 ἀρκεῖ
407 3175 443 3238 δὲ
477 3181 568 3238 τούτο
602 3177 688 3248 ἅπαξ
717 3183 824 3249 ποιεῖν,
856 3175 934 3239 ἀλλὰ
967 3176 1021 3238 καλ
1048 3175 1204 3257 δεύτερον,
1228 3175 1296 3238 εἶδε
1321 3175 1356 3238 δὲ
1377 3175 1432 3238 καλ
1453 3176 1565 3255 τρίτον.

284 3267 320 3324 cf.
344 3267 439 3336 1123,
459 3267 506 3324 14.
529 3301 574 3309 —-
598 3268 692 3326 Varro
717 3265 763 3343 (cf.
780 3287 808 3343 p.
826 3268 877 3346 39)
900 3272 964 3326 tres
987 3269 1142 3326 arationes
1171 3285 1290 3342 semper
1311 3268 1377 3325 fieri
1401 3267 1474 3325 dicit
1496 3263 1563 3345 §2,

284 3360 423 3431 quartam
455 3359 561 3414 contra
593 3358 673 3431 apud
707 3375 761 3415 eos
783 3361 912 3425 tantum,
948 3357 1000 3432 qui
1023 3361 1143 3431 segetes
1166 3375 1227 3415 non
1249 3359 1314 3414 tam
1336 3356 1418 3414 latas
1442 3357 1563 3415 habent.

282 3446 347 3503 Hoc
371 3463 438 3503 cum
463 3448 542 3504 certe
564 3446 631 3520 ipse
655 3446 806 3515 adiecerit,
832 3448 863 3503 in
886 3447 1062 3521 geoponicis
1086 3448 1188 3504 autem
1204 3463 1266 3503 non
1281 3445 1408 3520 legatur,
1430 3445 1568 3503 ostendit.

283 3535 452 3609 geoponica
475 3553 541 3592 eam
566 3535 705 3592 exhibere
729 3535 824 3593 fontis
847 3536 986 3603 formam,
1005 3553 1096 3611 quam
1111 3535 1182 3592 item
1197 3534 1295 3592 Varro
1311 3535 1393 3608 apud
1409 3537 1563 3592 auctorem

282 3623 398 3682 invenit
423 3623 610 3697 singularum
634 3625 806 3682 arationum
829 3641 923 3682 voces
946 3625 1101 3682 Romanas
1125 3624 1249 3682 addens.

390 3713 482 3787 Geop.
506 3713 576 3770 ibid.
597 3713 652 3770 13:
676 3709 752 3772 όταν
775 3708 810 3772 δὲ
833 3710 1017 3792 ἀποσταχύη
1040 3709 1078 3772 τὰ
1102 3711 1269 3791 σπαρέντα,
1294 3709 1454 3790 βοτανίσαι
1469 3708 1565 3770 οὖτά·

283 3798 368 3860 οὕτω
403 3798 464 3879 γὰρ
499 3799 530 3860 ολ
563 3798 682 3877 καρποὶ
715 3798 856 3878 καθαροὶ
890 3799 944 3860 καὶ
982 3798 1125 3868 εὐθαλεῖς
1159 3800 1289 3861 ἔσονται.
1323 3834 1368 3842 -
1397 3800 1432 3857 V.
1455 3801 1505 3867 30,
1528 3801 1565 3857 1:

285 3892 422 3968 „segetes
445 3890 573 3958 runcari,
598 3881 713 3973 (idest)
735 3890 859 3948 herbam
883 3908 899 3946 e
923 3891 1077 3964 segetibus
1101 3885 1306 3964 expurgari“.*

389 3979 432 4036 De
456 3996 558 4036 mense
581 3979 715 4052 Aprili
747 3996 825 4054 quae
853 3979 1021 4053 geoponica
1044 3977 1118 4054 (cap.
1136 3979 1166 4056 4)
1191 3979 1340 4046 exhibent,
1374 3979 1406 4035 in
1430 3979 1563 4036 secundo

281 4067 426 4124 Varronis
450 4067 610 4125 intervallo
636 4065 709 4142 (cap.
728 4067 779 4135 30)
804 4068 905 4126 inesse
928 4069 1076 4126 deberent.
1124 4068 1182 4125 Sed
1205 4067 1390 4126 conveniunt
1411 4068 1472 4124 fere
1488 4068 1564 4124 haec

281 4158 400 4213 tantum
424 4151 495 4234 §4z
527 4154 569 4215 ἔτι
600 4153 891 4236 ἒνοφδαλμίζεσδαι
925 4155 1051 4236 ἄρχεται
1084 4154 1187 4235 τούτῳ
1210 4159 1256 4234 τῷ
1278 4159 1383 4234 καιρῷ
1405 4159 1489 4234 συκῆ
1510 4152 1567 4214 καλ

281 4243 437 4305 κοστανέα
461 4242 514 4303 καὶ
536 4244 682 4324 κερασέα,
707 4263 773 4303 cum
797 4246 845 4303 his
868 4246 1014 4303 Varronis
1030 4246 1130 4304 verbis
1152 4264 1216 4321 cap.
1233 4245 1286 4314 41,
1304 4246 1337 4302 1:
1363 4263 1462 4325 „quae
1478 4245 1563 4320 prius

281 4351 374 4396 ‚verno
397 4338 530 4408 tempore
555 4335 773 4402 inserebantur,
799 4352 880 4392 nunc
903 4335 995 4393 etiam
1018 4335 1184 4402 solstitiali,
1210 4337 1245 4391 ut
1266 4329 1402 4409 ficus“.')

389 4489 406 4556 ¹)
427 4488 461 4545 cf.
481 4487 623 4571 V.131,b
641 4489 880 4571 ubi·,siccitates“
901 4490 970 4544 item
988 4490 1023 4544 de
1040 4492 1210 4559 tempestate
1228 4489 1386 4571 usurpatun
1467 4558 1473 4568 ο
1511 4557 1539 4567 ..

388 4560 408 4629 'l
426 4560 458 4614 In
476 4576 640 4631 geopomcrs
659 4559 730 4628 (rbrd.
751 4560 804 4629 53)
824 4561 897 4615 sicut
914 4561 989 4630 apud
1007 4559 1234 4630 Theophrastum
1252 4558 1405 4613 moculaho
1425 4561 1454 4611 et
1465 4559 1562 4611 msrt1o

280 4630 639 4771 Quirefuseffiffiff
650 4631 768 4768 νηηηηη
787 4632 871 4686 tertia
889 4631 1027 4686 inserendi
1046 4631 1127 4697 ratio,
1145 4629 1401 4698 εο11.ε’μφυλλισμός,
1419 4627 1564 4699 profertur
