3525 5342
732 379 954 449 -.35-

309 560 343 618 Α.
360 559 388 617 h.
406 577 432 616 a.
451 559 554 628 57611,
569 560 627 618 28:
660 557 734 621 ὅταν
758 557 793 620 δὲ
815 558 889 639 τέκῃ
914 560 933 640 ἡ
957 559 1062 632 ἵππος,
1086 559 1146 623 οὐκ
1170 559 1267 629 εὐδὺς
1288 560 1366 642 μετὰ
1389 567 1481 626 τοῦτο

202 644 383 726 πίμπλαται,
415 644 493 707 ἀλλὰ
527 645 673 709 διαλείπει
704 646 831 728 χρόνον,
864 647 927 709 καὶ
957 648 1070 710 τίκτει
1100 649 1242 730 ἀμείνω
1275 650 1480 732 τετάρτῳῆ

203 735 360 815 πέμπτῳ
391 735 461 796 ἔτει
483 734 575 815 μετὰ
598 734 661 797 τὸν
688 735 810 798 τόκον.
834 736 889 798 ένα
914 736 942 799 δ’
959 735 1101 800 ένιαυτδν
1123 737 1177 799 καὶ
1199 739 1334 819 πάμπαν
1357 739 1479 821 ἀνάγκη

205 823 369 886 διαλείπειν
392 822 447 885 καί
468 829 568 886 ποιεῖν
591 824 701 906 ὥσπερ
724 824 816 888 νειόν.
839 860 885 868 -
914 829 1047 902 Uterque
1070 829 1200 904 scriptor
1222 847 1332 905 equam
1355 831 1481 889 alternis

202 917 322 973 tantum
346 915 435 972 annis
460 915 625 974 admissam
649 933 716 973 cum
740 933 813 990 agro
836 916 964 974 restibili
988 920 1152 992 comparat.
1199 919 1285 989 Quod
1312 919 1340 976 si
1361 920 1481 978 Aristo·

202 1005 278 1062 teles
302 1004 417 1079 primus
440 1003 573 1073 iecisset,
607 1005 688 1062 haud
720 1004 809 1063 dubie
838 1023 907 1062 cum
929 1006 977 1063 hic
1003 1001 1139 1085 „Varro“
1165 1007 1375 1081 expressisset.
1422 1008 1482 1067 Sed

203 1093 261 1150 hoc
285 1093 353 1168 quis
377 1093 533 1150 affirmet?

310 1182 344 1238 V.
360 1181 386 1238 Π
402 1181 431 1249 8,
449 1181 485 1238 2:
512 1184 659 1261 „uterque
682 1200 785 1240 eorum
810 1183 837 1258 (i.
854 1202 878 1241 e.
896 1183 996 1241 mulus
1021 1187 1051 1242 01
1073 1183 1195 1261 hinnus)
1217 1184 1256 1242 ad
1279 1202 1369 1242 usum
1385 1186 1478 1254 utilia,

203 1274 294 1346 partu
316 1271 495 1328 fructuosus
518 1267 653 1328 neuter“.

309 1360 343 1417 A.
361 1359 397 1416 de
420 1375 484 1432 gen.
502 1377 549 1416 an.
568 1360 631 1418 746
641 1361 669 1427 b,
687 1360 741 1417 14:
766 1358 797 1419 01
820 1357 849 1420 δ’
866 1357 949 1436 ὀρεῖς
972 1359 1083 1439 ἄγονοι
1104 1358 1200 1440 μόνοι
1223 1363 1288 1421 τῶν
1309 1360 1479 1423 τοιούτων·

204 1446 274 1508 οὔτε
298 1444 359 1526 γὰρ
375 1445 409 1517 ἐξ
423 1445 568 1526 ἀλλήλων
584 1447 649 1508 αὕτ’
666 1445 770 1515 ἄλλοις
785 1446 971 1528 μιγνύμενοι
987 1452 1145 1527 γεννῶσιν.
1170 1451 1322 1509 contraria
1341 1451 1482 1526 leguntur

204 1537 232 1595 h.
250 1556 276 1594 a.
294 1537 395 1605 57711,
413 1536 460 1594 19.

310 1624 507 1692 V.119,11:
545 1629 747 1706 „praegnates
783 1627 861 1684 enirn
897 1627 998 1686 solent
1031 1645 1100 1686 esse
1134 1631 1236 1686 ternos
1271 1646 1392 1687 menses
1428 1629 1480 1706 (sc.

203 1711 337 1792 cancsl“.

310 1804 344 1861 A.
361 1803 389 1860 h.
407 1821 434 1860 a.
452 1803 516 1862 574
527 1821 554 1872 a,
570 1803 628 1862 26;
660 1802 736 1864 ἔνιαι
769 1801 803 1864 δὲ
833 1801 947 1865 κύουσι
968 1801 1029 1884 μὲν
1051 1804 1197 1884 τέταρτον
1217 1803 1319 1885 μέρος
1340 1809 1397 1866 τοῦ
1421 1805 1481 1867 ένι-

204 1885 302 1952 αυτοῦ
327 1891 428 1967 1τοῦτο
453 1889 481 1952 δ’
506 1889 569 1952 ἐστὶ
590 1895 672 1972 τρεῖς
685 1896 784 1972 μῆνες
808 1890 900 1970 ὅλοι);
925 1894 1004 1952 aliae
1019 1894 1090 1952 ibid.
1106 1894 1165 1962 LX,
1191 1895 1270 1952 aliae
1285 1895 1389 1953 LXXII
1416 1896 1481 1955 dies

204 1982 347 2053 gravidae
371 1998 439 2038 esse
463 1981 612 2038 dicuntur.
858 1976 860 1982 ’

310 2070 344 2129 V.
361 2069 387 2126 Π
406 2069 455 2137 11,
470 2069 505 2126 2;
533 2089 572 2146 „a
594 2070 755 2145 mulgendo
779 2074 871 2146 atque
896 2074 965 2129 ortu
988 2072 1134 2147 optimum
1158 2074 1207 2129 est
1228 2072 1267 2141 id,
1286 2073 1367 2147 quod
1382 2090 1481 2148 neque

204 2159 328 2216 nimium
351 2158 439 2232 longe
456 2160 545 2216 abest
560 2177 579 2215 a
595 2159 694 2216 mulso
710 2177 825 2235 neque
842 2178 861 2217 a
881 2162 990 2235 partu
1006 2161 1181 2218 continuo
1199 2163 1255 2219 est
1270 2157 1480 2236 sumptum“.

235 2277 237 2281 ·
309 2248 344 2305 A.
361 2247 388 2305 h.
406 2265 432 2305 a.
450 2247 513 2304 522
523 2266 551 2316 a,
567 2247 602 2304 3:
627 2245 701 2308 ὅταν
718 2245 864 2326 δ’ἔγκυον
883 2244 914 2327 ᾖ,
939 2247 1050 2327 γίνεται
1064 2246 1124 2329 μὲν
1140 2247 1191 2324 (sc.
1208 2247 1306 2328 μάλα),
1323 2247 1481 2329 ἄχρηστον

204 2333 239 2396 δὲ
261 2332 296 2395 τὸ
319 2337 455 2415 πρῶτον.

310 2424 497 2492 V.1116,4:
525 2428 699 2500 ,praetcrea
723 2443 784 2483 ova
806 2427 879 2484 emit
901 2443 937 2484 ac
961 2427 1107 2501 supponit
1129 2427 1281 2501 gallinis“.

310 2514 345 2574 A.
361 2514 390 2571 h.
407 2532 434 2571 a.
453 2513 554 2581 56411,
569 2514 588 2571 2
606 2533 664 2590 sq.:
689 2512 864 2593 ἀλεκτορίδι
888 2512 1130 2576 δ’ὗποτιδέασιν
1145 2513 1252 2576 αὐτῶν
1267 2513 1304 2576 τά
1320 2513 1371 2595 ᾠὰ
1394 2515 1479 2596 ἐπῳ-

204 2601 289 2673 άζειν
314 2601 344 2662 οῖ
365 2599 532 2681 τρέφοντες
556 2599 607 2663 διὰ
636 2600 672 2663 τὸ
699 2599 754 2663 τδν
778 2601 895 2683 ἄρρενα
917 2607 973 2683 τῆς
994 2601 1125 2683 δηλείας
1146 2607 1239 2665 τοῦτο
1264 2602 1392 2685 δρώσης
1415 2603 1480 2666 ἒπι-

206 2689 380 2769 πετόμενον
403 2689 583 2771 συντρίβειν.

311 2780 345 2837 V.
361 2780 401 2837 lII
419 2781 446 2849 7,
462 2781 498 2838 9;
526 2781 654 2851 ,011100
676 2781 738 2838 1010
760 2784 859 2839 totum
883 2798 995 2839 annum
1017 2782 1135 2840 iaciunt
1159 2781 1186 2858 11.
1203 2801 1227 2840 0.
1251 2783 1436 2860 incubant)“.

309 2869 607 2932 Α.11.ε.5441).7;
638 2867 774 2930 τίκτουσι
805 2867 877 2930 dat
905 2868 1083 2950 περιστεραὶ
1109 2873 1214 2932 πᾶσαν
1237 2869 1328 2951 ὥραν
1350 2869 1404 2932 καὶ
1427 2870 1479 2932 ἔκ-

202 2978 380 3037 τρέφουσιν.

233 3100 235 3106 .
311 3048 346 3104 V.
362 3046 402 3104 III
421 3047 469 3114 10,
485 3047 522 3104 3:
564 3047 708 3126 „incubat
746 3046 799 3124 (sc.
831 3047 931 3124 anser)
969 3050 1204 3122 tempestatibus
1244 3050 1308 3108 dies
1346 3051 1478 3125 triginta,

204 3136 452 3211 tepidioribus
475 3131 586 3193 XXV“.

310 3224 625 3293 Α.11.0.5630,27;
658 3222 793 3304 ἐπῳάζει
825 3222 859 3284 δὲ
890 3222 962 3304 περλ
993 3223 1158 3305 τριάκονθ’
1182 3224 1323 3306 ἡμέρας·
1339 3223 1394 3286 καὶ
1415 3228 1480 3286 τῶν

205 3309 309 3374 ἄλλων
341 3309 376 3372 δέ
405 3316 470 3379 τοῖς
499 3310 655 3392 μεγάλοις
680 3311 698 3373 ὁ
721 3311 837 3392 χρόνος
866 3311 1017 3381 τοσοῦτός
1039 3312 1101 3374 ἐστι
1123 3317 1179 3393 τῆς
1201 3312 1384 3394 ἔπῳάσεως,
1412 3311 1481 3375 οἷον

204 3400 277 3483 χηνὶ
300 3398 354 3462 καί
377 3399 471 3462 ὠτίδι.

310 3490 520 3559 V.11112,4:
554 3491 684 3569 „etenim
708 3509 808 3567 saepe,
842 3509 911 3548 oum
934 3491 1049 3549 habent
1079 3491 1199 3549 catulos
1222 3495 1366 3560 recentes,
1401 3493 1479 3550 alios

204 3579 235 3636 in
258 3582 362 3638 ventre
384 3579 494 3638 habere
517 3575 734 3654 reperiuntur“.

310 3668 344 3725 A.
361 3668 389 3725 11.
406 3687 432 3726 a.
450 3669 551 3737 5791),
567 3669 625 3726 32:
656 3667 688 3728 01
711 3665 918 3735 δασύποδες.
943 3715 949 3727 .
974 3715 980 3727 .
1011 3665 1241 3730 ἔτιικυίσκονται
1271 3667 1347 3729 ὅταν
1376 3667 1481 3730 κάωσι

204 3753 258 3816 καὶ
280 3755 416 3817 τίκτουσι
438 3753 518 3816 κατὰ
540 3760 636 3836 μῆνα.
660 3758 697 3816 01.
721 3758 757 3816 de
780 3775 845 3832 gen.
870 3775 919 3815 an.
943 3758 1044 3826 7741),
1057 3758 1085 3816 2.

311 3845 409 3904 Primo
434 3848 544 3904 obtutu
568 3849 694 3921 apparet
717 3847 857 3904 omnibns
880 3847 943 3904 iere
966 3847 1014 3904 bis
1038 3847 1113 3904 locis
1136 3864 1184 3905 res
1201 3847 1279 3904 satis
1295 3848 1372 3906 viles
1389 3850 1481 3924 atque

205 3933 345 3992 omnibus
369 3935 475 3992 harum
498 3952 596 3992 rerum
620 3936 724 4010 peritis
748 3937 838 3993 notas
862 3935 894 3993 in
917 3953 1041 3994 censum
1064 3936 1175 4003 venire,
1201 3954 1280 4011 quae
1302 3954 1364 3994 non
1380 3937 1481 3995 minus

204 4024 281 4081 bene
305 4025 396 4099 atque
420 4024 512 4081 etiarn
535 4025 732 4093 commodius,
758 4025 789 4082 111
811 4024 910 4091 101101,
936 4041 974 4082 ex
997 4025 1058 4082 alio
1082 4024 1217 4100 quolibet
1234 4042 1323 4102 opere
1339 4026 1481 4084 derebus

204 4112 354 4186 pecuariis
385 4113 557 4187 conscripto
589 4113 701 4170 hauriri
733 4115 905 4188 potuerunt.
950 4112 989 4170 Hi
1011 4113 1071 4172 loci
1094 4113 1121 4171 si
1145 4114 1295 4173 solioum
1318 4115 1481 4172 Aristotele

204 4200 335 4258 conferri
365 4203 501 4275 possent,
535 4218 609 4259 sane
631 4201 707 4258 nihil
730 4204 821 4270 esset,
848 4219 900 4260 cur
923 4220 977 4260 eos
1001 4219 1038 4259 ex
1060 4203 1118 4261 hoc
1140 4203 1268 4261 fluxisse
1291 4220 1479 4277 negaremus,

206 4306 390 4365 quamquam
421 4307 458 4348 ne
490 4292 528 4347 ab
560 4289 658 4347 altera
688 4291 808 4366 quidem
838 4293 925 4365 parte
950 4290 1015 4348 ulla
1037 4308 1069 4349 re
1092 4308 1273 4366 cogeremur,
1298 4292 1403 4366 utique
1426 4308 1480 4365 pro

205 4378 407 4437 Aristotelicis
431 4397 484 4436 eos
508 4379 625 4436 habere.
671 4378 736 4436 Hoc
760 4379 839 4436 enim
860 4381 935 4437 tunc
958 4380 1076 4437 demum
1100 4381 1272 4438 necessario
1292 4382 1479 4455 putaremus,

205 4483 273 4524 cum
304 4469 360 4524 aut
389 4467 537 4543 ampliora
566 4469 749 4526 verbotenus
781 4470 835 4526 aut
865 4485 945 4526 mere
967 4468 1164 4526 Aristotelioa
1195 4470 1299 4526 esseut
1319 4467 1480 4526 translata.

207 4554 265 4613 Sed
287 4556 346 4613 hoc
367 4573 521 4630 nusquam
543 4556 588 4614 iit
626 4556 732 4632 Itaque
756 4574 824 4614 oum
847 4560 877 4615 et
900 4557 996 4633 primo
1013 4558 1044 4614 01
1059 4559 1192 4616 secundo
1212 4574 1319 4632 genere
1334 4558 1482 4631 appareat

205 4644 399 4702 Aristotelem
433 4661 558 4720 prorsus
593 4662 662 4703 esse
696 4647 874 4721 neglectum,
910 4646 1047 4722 equidem
1082 4664 1191 4704 censeo
1226 4647 1329 4721 patere
1363 4662 1401 4703 ne
1424 4645 1481 4702 hos

1288 4745 1322 4800 3.
