3525 5342
818 405 1042 472 „82-

821 583 1146 668 ἢμακρότερα,τάὸὲ
1250 588 1335 647 velut
1364 588 1492 647 sudibus
1515 606 1573 646 no-

821 674 856 738 ἑν
890 674 998 744 αὐτοῖς
1030 674 1145 756 κέντρα
1250 680 1352 736 center
1373 679 1499 736 armata

822 761 931 846 στερεὰ
946 762 1002 825 καὶ
1015 761 1071 832 τὰς
1086 763 1144 826 ἀκ-

820 849 887 934 μὰς
909 851 1014 924 ὀξείας
1028 852 1145 934 ἔχουσι.

294 927 342 986 10.
366 927 519 1002 unguibus
542 926 651 1001 longis.

293 1016 622 1091 110811118111381113·
766 1032 796 1091 8.
819 1027 875 1100 τὰς
906 1028 942 1093 el
965 1028 1065 1111 οὐρὰς
1086 1052 1144 1112 με·
1175 1032 1223 1093 13.
1246 1035 1311 1090 tum
1345 1031 1573 1108 procerissimae

508 1194 514 1206 ·
620 1192 627 1205 .
674 1191 680 1204 ι
821 1118 928 1199 γάλας.
1250 1121 1375 1188 caudae,
1394 1120 1506 1197 duplici
1522 1139 1571 1180 or·

295 1194 343 1254 12·
366 1195 574 1270 eequeneeus
598 1209 707 1268 111111·
767 1213 795 1271 e.
819 1207 873 1270 καὶ
897 1207 1030 1278 macac.
1249 1210 1319 1269 une
1335 1210 1572 1285 1131131111-

1248 1317 1308 1374 que
1334 1299 1572 1374 prominentibus

1249 1389 1350 1463 pinnis
1372 1388 1512 1446 inflexae.

295 1461 343 1520 13·
367 1459 455 1529 elath
478 1459 647 1519 vociferant
748 1477 796 1536 10.
820 1473 966 1556 ὀργίλοι·
988 1473 1144 1556 aroldum·
1174 1476 1224 1535 16.
1247 1476 1329 1546 elati,
1346 1478 1472 1546 alacres,
1493 1476 1572 1551 vigi-

370 1567 470 1624 saepe.
823 1586 879 1627 νοι.
1249 1565 1341 1635 laces,
1377 1566 1417 1624 ad
1448 1565 1572 1639 saepius

369 1727 374 1739 ¹
546 1726 552 1738 ι
693 1725 699 1737 ‚
1250 1655 1418 1714 cauendum
1434 1655 1572 1730 prompti.

294 1729 398 1786 14.11n
432 1729 593 1785 wilamffle
625 1727 717 1800 lilim·
749 1743 797 1802 11.
821 1741 931 1810 ἓνταῖς
946 1741 1145 1822 συμπλοκαῖς
1175 1742 1224 1803 11.
1247 1743 1573 1819 necquiiaeileterre-

369 1833 490 1916 Πῦῗθθχ
824 1829 1119 1911 δυσκαταγώνιστοι.
1250 1835 1349 1901 antur,
1381 1850 1453 1890 nam
1480 1831 1572 1890 inter·

294 1904 344 1965 15·
368 1905 514 2006 ammaha
544 1947 550 1962 ·
582 1947 589 1962 ·
618 1946 624 1961 ·
656 1919 717 1961 ¹¹⁰⁰
749 1921 797 1980 13.
820 1918 875 1981 καὶ
906 1917 943 1980 τὰ
970 1918 1145 2001 λσμανεικὰ
1250 1922 1323 1979 dum
1352 1921 1492 1980 resistere
1521 1921 1573 1979 de-

369 1995 590 2094 pemmsssihflh
604 1992 717 2050 sed...
824 2007 859 2070 δὲ
888 2012 954 2070 τῶν
981 2008 1078 2081 ζώων
1105 2008 1145 2071 οὐ
1249 2012 1323 2080 bant
1355 2013 1387 2069 et
1419 2012 1573 2085 protegere

370 2101 423 2158 ΡΠ)
446 2081 568 2157 Saffifflfl
585 2097 717 2156 PPOPUB·
823 2096 1002 2179 φεύγοντες,
1039 2095 1076 2160 τὰ
1111 2096 1147 2160 δὲ
1251 2099 1441 2174 coniugalem
1505 2116 1573 2173 gre-

369 2173 449 2230 um
822 2191 950 2249 τοιαῦτα
966 2187 1035 2258 ζῶα
1047 2209 1145 2267 προς·
1250 2206 1327 2263 gem,
1345 2188 1418 2264 quin
1434 2191 1465 2245 et
1480 2187 1573 2246 attol-

822 2275 986 2356 φερόμενα
1002 2274 1066 2338 ἀπὸ
1081 2279 1147 2337 τῶν
1251 2276 1362 2335 lentem
1385 2277 1484 2335 minas
1509 2294 1573 2335 ser·

821 2363 962 2446 θηλειῶν
984 2365 1146 2445 εἴργοντες.
1250 2368 1370 2440 pentem
1403 2364 1452 2424 vel
1491 2365 1574 2422 aliud

741 2455 796 2518 12.
820 2452 874 2515 καὶ
905 2452 994 2516 αὐτοὶ
1020 2452 1080 2534 μὲν
1107 2453 1147 2516 οὐ
1251 2455 1376 2513 noxium
1459 2454 1575 2511 animal

822 2541 1098 2624 προκατάρχοντος
1249 2543 1424 2602 interficere.

821 2631 937 2712 μάχης,
945 2629 1019 2701 τοὺς
1030 2630 1066 2694 δὲ
1081 2631 1147 2694 ἐπι-

823 2719 917 2789 όντας
929 2721 1050 2802 ἰχνρῶς
1061 2743 1145 2801 ομν-

822 2808 959 2890 νόμενοι.

1197 2899 1225 2957 2.
1249 2899 1326 2957 robii
1349 2898 1459 2957 coloris
1488 2893 1516 2977 (ᾖ
1553 2897 1573 2976 l.

1197 2988 1225 3046 3.
1250 2988 1361 3063 quinos
1385 2987 1506 3062 digitos.

1195 3077 1225 3134 4.
1249 3079 1351 3135 status
1374 3076 1472 3133 altior.

1195 3165 1224 3224 8.
1249 3165 1398 3223 maximae
1420 3164 1574 3222 candidis·

1250 3255 1406 3328 simaeque
1430 3270 1527 3311 aures.

1175 3342 1223 3401 10.
1247 3360 1300 3417 per
1322 3343 1402 3401 colla
1424 3342 1573 3400 cervices-

1251 3449 1309 3508 que
1353 3431 1386 3488 in
1431 3431 1572 3489 humeros

1248 3519 1573 3597 diflusaelscpinnael.

399 3698 464 3757 Hos
488 3699 572 3758 locos
604 3700 631 3757 si
661 3699 740 3757 inter
770 3717 804 3758 se
836 3716 1056 3774 comparamus,
1088 3699 1328 3774 insignissimum
1360 3700 1438 3756 certe
1461 3699 1492 3755 id
1515 3701 1571 3766 est,

294 3789 375 3862 quod
397 3787 492 3847 Varro
525 3791 554 3846 ct
578 3788 743 3846 Columella
774 3790 831 3847 sub
858 3786 940 3865 111),
967 3786 1051 3866 file),
1078 3788 1162 3866 6(9)‚
1189 3786 1294 3865 7110),
1321 3786 1427 3866 8114),
1455 3786 1494 3844 13
1509 3784 1572 3862 (161

292 3876 388 3933 multo
412 3877 509 3951 magis
532 3877 610 3935 inter
632 3895 666 3936 se
689 3879 859 3952 congruunt
882 3895 974 3952 quam
998 3877 1141 3936 alteruter
1163 3894 1231 3935 oum
1254 3877 1439 3952 geoponicis.
1474 3876 1573 3945 Quae·

293 3981 410 4039 cunque
432 3983 503 4023 vero
527 3966 605 4024 ratio
629 3966 706 4024 inter
721 3965 885 4024 Varronem
901 3969 932 4024 ei
948 3966 1009 4026 Col.
1033 3966 1198 4035 intercedit,
1223 3963 1285 4024 hoc‘
1302 3965 1431 4023 dilucide
1447 3966 1574 4039 apparet

293 4052 372 4110 alias
395 4052 475 4111 huuc
498 4057 529 4112 et
550 4055 582 4112 in
605 4057 696 4117 rebus
720 4056 801 4113 et'in
817 4055 920 4113 ordine
936 4073 1039 4112 earum
1055 4055 1207 4130 propriam
1223 4054 1399 4112 adhibuisse
1414 4053 1571 4119 rationem,

294 4144 324 4199 et
347 4141 476 4216 quidem,
502 4143 532 4200 id
556 4144 638 4218 quod
660 4144 834 4218 praedicare
856 4145 964 4202 nostra
986 4161 1167 4219 magnopere
1190 4144 1323 4212 interest,
1354 4160 1392 4199 ex
1415 4143 1469 4210 eis,
1494 4159 1573 4217 quae

294 4229 355 4289 Gol.
380 4232 437 4289 sub
461 4231 489 4289 5.
515 4234 543 4291 ’1.
570 4232 619 4293 14.
646 4233 694 4290 13.
719 4233 747 4290 8.
772 4232 808 4289 de
832 4250 890 4290 suo
914 4232 1062 4291 adiecisse
1085 4233 1213 4300 videtur,
1245 4233 1277 4289 in
1300 4231 1475 4307 geoponicis
1498 4229 1574 4287 nihil

292 4319 446 4395 reperitur.
491 4321 575 4379 Unde
599 4321 736 4390 efficitur,
761 4324 797 4378 ut
820 4320 986 4380 Columella
1016 4324 1055 4381 ab
1083 4324 1206 4380 auctore
1229 4321 1417 4395 geoponicon
1440 4320 1573 4377 hicnon

294 4409 335 4466 sit
357 4409 523 4484 inspectus.
568 4410 682 4480 Quodsi
704 4427 791 4486 geop.
814 4427 882 4467 cum
905 4411 1039 4469 Varrone
1062 4411 1209 4479 conferas,
1235 4412 1362 4485 apparet
1384 4426 1481 4467 rerum
1505 4407 1572 4483 qui·

294 4499 361 4555 dem
399 4498 532 4556 ordinem
570 4516 694 4573 prorsus
732 4497 859 4557 eundem
898 4517 976 4568 esse,
1016 4499 1213 4558 nihilominus
1245 4502 1347 4557 autem
1381 4516 1458 4566 esse,
1494 4514 1573 4572 quae

293 4587 459 4645 Varronem
492 4587 680 4663 geoponicon
714 4606 775 4646 non
810 4605 879 4646 esse
909 4588 1023 4646 fontem
1054 4590 1259 4663 comprobant
1306 4588 1346 4645 Ut
1376 4587 1455 4644 enim
1477 4586 1572 4644 Varro

294 4675 463 4750 exscriptus
487 4677 535 4745 sit,
568 4695 621 4735 cur
649 4694 734 4752 geop.
759 4678 865 4735 auctor
888 4696 926 4736 ea
949 4677 1051 4736 omisit
1073 4695 1110 4735 ex
1133 4680 1227 4752 parte,
1257 4695 1335 4753 quae
1358 4678 1462 4734 noster
1485 4675 1575 4733 affert
