3525 5342
823 398 1046 464 -34..

402 581 524 649 V.H5‚
542 581 598 639 13:
634 599 714 652 „non
744 581 875 640 minores
908 585 1029 656 oportet
1059 582 1134 640 inire
1164 583 1262 641 bimas
1294 581 1346 659 (ec.
1370 591 1502 661 vaccas),
1539 587 1575 643 ut

296 671 402 728 trimae
425 670 556 745 pariant,
581 689 624 728 eo
649 670 811 739 melius,
837 671 871 728 si
896 671 1163 747 quadrimae“.

401 759 435 816 A.
452 759 480 818 h.
498 777 525 816 a.
543 758 643 828 ecca,
658 758 716 816 22:
749 755 852 837 ὀχεύει
883 756 919 819 dd
949 756 985 819 τά
1017 757 1135 840 άρρενα
1166 757 1220 819 καλ
1247 757 1389 839 ὀχεύεται
1410 757 1448 821 τὰ
1471 758 1573 841 θήλεα

295 844 432 908 ἐνιαύσια
456 845 531 907 ὄντα
554 849 691 926 πρῶτον,
715 845 796 907 ὥστε
819 845 873 907 καὶ
896 850 1030 925 γεννᾶν·
1055 846 1094 910 οὗ
1116 845 1182 928 μὴν
1205 846 1283 908 ἀλλὰ
1306 846 1342 909 τό
1365 846 1451 928 γ’ὡς
1466 847 1517 910 ὀπλ
1537 847 1574 911 τὸ

294 932 375 996 πολὺ
399 933 547 998 ἐνιαύσιοι
569 933 623 995 καὶ
645 933 830 1015 ὀκτάμηνοι,
853 933 889 996 τό
913 934 948 997 dd
969 934 1100 1016 μάλισθ’
1124 935 1385 1017 ὁμολογούμενον
1401 936 1514 1006 ὀιετεῖς.
1529 973 1575 982 -

295 1025 391 1084 Varro
414 1025 507 1098 igitur
529 1025 701 1100 opinionem
723 1025 960 1084 usitatissimam
983 1027 1128 1103 sequitur.

402 1114 438 1173 V.
461 1114 545 1172 ibid:
579 1115 727 1193 „maxime
758 1115 900 1172 idoneum
931 1117 1052 1191 tempus
1083 1116 1122 1173 ad
1146 1117 1376 1191 concipiendum
1399 1135 1419 1174 a
1441 1117 1575 1192 delphini

297 1206 404 1260 exortu
427 1220 544 1277 usque
569 1204 612 1260 ad
636 1203 713 1260 dies
738 1203 986 1278 quadraginta
1008 1207 1072 1262 aut
1094 1205 1204 1280 paulo
1227 1200 1345 1280 plus“.

401 1293 436 1349 A.
452 1292 480 1349 h.
497 1310 524 1352 a.
542 1290 642 1353 575b.
661 1291 715 1349 15:
747 1289 897 1371 ἄρχονται
925 1290 959 1353 dd
981 1296 1036 1372 τῆς
1058 1291 1163 1372 ὀχείας
1184 1291 1257 1373 περλ
1279 1289 1334 1354 τὸν
1361 1289 1573 1373 Θαργηλιιῑινα

294 1383 380 1459 μῆνα
403 1376 457 1438 καὶ
479 1376 534 1440 τὸν
556 1376 807 1459 Σκιροφοριῶνα
830 1380 863 1441 αἱ
885 1379 1041 1442 πλεῖσται’
1059 1381 1098 1442 οὐ
1120 1378 1187 1461 μὴν
1214 1379 1281 1442 ἀλλ’
1306 1381 1383 1443 ἔνιαι
1405 1381 1460 1443 καὶ
1480 1382 1575 1462 μέχρι

274 1473 351 1528 τοῦ
373 1467 565 1547 μετοπώρου
589 1465 778 1529 κυΐσκονται.
1428 1529 1435 1538 ,

402 1557 437 1616 V.
458 1557 607 1626 115,14:
645 1559 701 1638 „de
726 1559 836 1634 quibus
868 1559 1077 1618 admirandum
1105 1561 1250 1635 scriptum
1272 1561 1389 1628 inveni,
1427 1563 1574 1636 exemptis

295 1646 446 1704 testiculis
470 1646 497 1704 si
521 1647 624 1705 statim
649 1647 807 1706 admiseris
831 1652 961 1717 taurum,
987 1649 1144 1724 concipere
1168 1648 1221 1726 (sc.
1244 1649 1376 1727 vaccae).

402 1737 436 1792 A.
453 1736 481 1792 h.
499 1754 525 1793 a.
544 1735 644 1804 5101),
661 1737 695 1794 3:
731 1735 847 1816 συνέβη
885 1734 989 1816 θ’ἦόη
1024 1740 1143 1817 ταῦρον
1165 1736 1362 1819 ἐκτμηθέντα
1393 1736 1448 1799 καλ
1477 1737 1576 1806 εόθὺς

296 1820 446 1902 ἐπιβάντα
481 1821 609 1902 ὀχεῦσαι
642 1822 697 1884 καὶ
731 1829 884 1904 γεννῆσαι.
920 1827 956 1884 ci.
988 1827 1058 1884 ibid.
1085 1827 1187 1894 elea,
1207 1827 1248 1886 35
1272 1845 1318 1903 sq.
1353 1829 1390 1885 de
1425 1845 1491 1902 gen.
1526 1847 1574 1886 an.

297 1912 510 1988 717o‚3sq.:
541 1911 596 1973 καὶ
626 1911 688 1992 ἤθη
720 1911 836 1994 ταῦρός
865 1935 911 1981 τις
941 1911 1020 1994 μετὰ
1052 1912 1109 1994 τὴν
1131 1911 1270 1995 ἐκτομὴν
1292 1914 1417 1983 εὐθέως
1439 1914 1575 1996 ὀχεύσας

296 1998 461 2080 ἐπλήρωσε
485 1998 536 2061 ded
558 1998 594 2061 τὸ
616 2001 718 2082 μήπω
742 1999 815 2070 τοὺς
837 2000 961 2083 πόρους
984 2001 1190 2064 ὀνεσπάσθαι.

283 2129 285 2134 ·
402 2107 437 2167 V.
453 2107 480 2165 ΙΙ
498 2108 526 2176 6,
542 2109 577 2166 4:
610 2109 810 2168 admittuntur
841 2111 893 2187 (sc.
917 2110 1033 2186 asinae)
1068 2114 1153 2169 ante
1188 2111 1363 2180 solstitium,
1400 2116 1436 2169 ut
1470 2113 1575 2170 eodem

295 2199 429 2271 tempore
453 2197 578 2255 alterius
603 2199 675 2255 anni
698 2199 835 2273 pariant3
861 2200 1040 2258 duodecimo
1064 2201 1143 2258 enim
1158 2218 1261 2259 mense
1277 2204 1456 2276 conceptum
1473 2219 1575 2259 semen

295 2282 454 2343 reddunt“.

402 2393 437 2449 A.
455 2393 491 2449 de
514 2409 580 2466 gen.
605 2411 653 2452 an.
670 2394 770 2461 usca,
798 2395 857 2453 26:
889 2392 940 2455 θιά
963 2392 1077 2474 ταύτην
1101 2392 1136 2454 δὲ
1157 2391 1214 2473 τὴν
1237 2393 1336 2455 αἰτίαν
1358 2393 1413 2455 καὶ
1434 2393 1472 2456 τὰ
1488 2394 1574 2476 ὀχεῖα

297 2477 498 2558 ἐπιβάλλουσι
513 2484 577 2547 τοῖς
593 2479 679 2548 ὄνοις
695 2481 764 2562 οὐχ
780 2481 908 2561 ὥσπερ
927 2487 1006 2550 τοῖς
1021 2483 1149 2550 ἵπποις
1163 2483 1246 2543 κατ’
1262 2483 1476 2564 ἰσημερίαν,
1497 2482 1574 2545 ἀλλὰ

296 2566 380 2648 περὶ
403 2566 524 2648 τροπὰς
547 2567 685 2649 θερινάς,
709 2569 800 2638 ὅπως
822 2570 857 2632 ἐν
879 2569 1001 2651 ἀλεεινῇ
1024 2571 1145 2652 γίνηται
1167 2571 1240 2652 ὥρᾳ
1263 2569 1300 2632 τὰ
1323 2571 1446 2634 πωλία·
1471 2572 1510 2634 έν
1531 2577 1574 2654 τῇ

297 2655 389 2736 αὐτῇ
421 2655 490 2737 γὰρ
522 2657 673 2737 γίνεται,
707 2657 746 2721 ἕν
768 2655 791 2739 ᾗ
814 2659 858 2721 ἂν
882 2658 1206 2742 ὀχευθῇ·ένιαυτόν
1229 2658 1290 2740 γὰρ
1313 2660 1382 2722 κύει
1404 2661 1458 2723 καί
1481 2663 1575 2730 ἵππος

296 2743 351 2806 καὶ
374 2744 456 2813 όνος.
481 2748 517 2806 cf.
540 2748 569 2805 h.
586 2766 613 2806 a.
631 2748 694 2807 577
704 2767 731 2817 a,
747 2749 797 2811 24.

405 2853 574 2923 V.117,2:
602 2857 708 2934 „aetas
732 2857 926 2930 cognoscitur
946 2860 976 2914 et
999 2875 1145 2933 equorum
1169 2861 1199 2916 et
1221 2859 1297 2915 iere
1322 2860 1489 2928 omnium,
1515 2859 1575 2935 qui

297 2942 457 3016 ungulas
488 2943 674 3001 indivisas
707 2945 841 3002 habent
874 2949 904 3003 et
932 2947 1024 3003 etiam
1055 2951 1260 3015 cornutorum,
1294 2949 1376 3023 quod
1399 2966 1497 3023 equus
1519 2949 1574 3005 tri-

297 3032 382 3106 ginta
405 3032 559 3090 mensibus
583 3033 711 3107 primum
735 3034 840 3091 dentes
863 3035 1002 3093 medios
1027 3035 1137 3093 dicitur
1152 3037 1298 3105 amittere,
1317 3037 1376 3094 duo
1394 3038 1573 3111 superiores

297 3120 423 3177 totidem
446 3120 611 3178 inferiores.
641 3121 819 3196 incipientes
843 3126 985 3197 quartum
1016 3143 1104 3199 agere
1135 3142 1248 3182 annum
1276 3125 1378 3182 itidem
1411 3127 1524 3183 eiciunt
1546 3128 1576 3182 et

296 3209 422 3267 totidem
458 3209 571 3266 eiciunt
604 3227 799 3285 proxumos
835 3229 969 3280 eorum,
1006 3231 1085 3289 quos
1119 3215 1295 3281 amiserunt,
1333 3216 1363 3271 et
1394 3215 1576 3290 incipiunt

297 3299 414 3362 nasci,
452 3315 542 3373 quos
576 3301 712 3356 vocant
746 3300 1014 3360 columellarcs.
1050 3303 1156 3378 quinto
1192 3319 1273 3359 anno
1307 3303 1470 3377 incipiente
1504 3305 1575 3361 item

296 3387 402 3444 eodem
426 3386 516 3445 modo
541 3387 678 3445 amittere
701 3389 799 3457 binos,
830 3407 906 3447 cum
934 3408 1046 3448 cavos
1070 3391 1205 3448 habeat
1226 3392 1299 3448 tum
1322 3396 1574 3459 renascentes

298 3476 325 3533 ei
349 3478 436 3533 sexto
461 3493 542 3534 anno
566 3476 680 3551 inpleri,
715 3479 880 3552 septumo
913 3497 1034 3537 omnes
1065 3480 1198 3537 habere
1230 3479 1327 3538 solet
1356 3483 1510 3538 renatos
1542 3484 1576 3538 et

297 3559 522 3639 conpletos“.

404 3671 439 3727 A.
455 3670 484 3728 h.
501 3689 527 3728 a.
546 3671 646 3739 urea,
662 3672 680 3729 6
698 3690 756 3748 sq.:
780 3671 857 3751 ἔχει
878 3670 940 3752 μὲν
962 3669 1020 3734 οὗν
1036 3671 1169 3741 ὀδόντας
1191 3673 1465 3754 τετταράκοντα
1490 3673 1576 3750 (scd

297 3757 411 3835 ἵππος),
435 3755 541 3837 βάλλει
565 3756 599 3819 dd
621 3756 695 3826 τοὺς
716 3757 776 3840 μὲν
798 3759 947 3841 πρώτους
968 3761 1115 3843 τέτταρας
1136 3763 1406 3844 τριακοντάμηνος
1428 3761 1502 3832 τοὺς
1517 3762 1576 3843 μέν

299 3843 358 3907 ὀύο
382 3844 512 3907 ἄνωθεν
535 3844 608 3915 τοὺς
631 3846 666 3909 dd
690 3846 749 3910 ὀύο
772 3847 929 3911 κάτωθεν.
953 3849 1081 3913 έπειόάν
1104 3849 1139 3912 δὲ
1162 3851 1286 3933 γένηται
1301 3851 1450 3924 ἐνιαυτός,
1471 3851 1577 3933 βάλλει

297 3931 352 3995 τὸν
382 3932 478 3996 αὐτὸν
508 3934 635 4014 πρόπαν
664 3936 818 4018 τέτταρας,
851 3936 910 3999 δύο
940 3938 1000 4020 μέν
1030 3938 1168 4011 ἄνωθεν,
1201 3938 1259 4002 doio
1283 3939 1318 4003 ὀὲ
1341 3940 1499 4013 κάτωθεν,
1523 3939 1577 4002 καλ

297 4021 390 4084 πάλιν
414 4021 489 4084 ὅταν
513 4023 652 4093 ἐνιαυτὸς
675 4026 807 4106 γένηται,
831 4026 959 4108 ἑτέρους
980 4028 1126 4110 τέτταρας
1144 4026 1200 4092 τὸν
1215 4028 1454 4111 αὐτὸντρόπον,
1471 4030 1573 4092 τεττά-

297 4133 367 4192 ρων
392 4110 420 4173 ὀ’
437 4111 517 4173 ἐτῶν
539 4113 768 4194 παρελθόντων
798 4114 852 4176 καὶ
885 4117 920 4188 ἓξ
948 4121 1063 4198 μηνῶν
1087 4117 1190 4180 οὐκέτι
1212 4117 1317 4200 βάλλει
1342 4117 1466 4181 οὐθένα.
1505 4121 1575 4180 ibid.

299 4201 400 4267 575b‚
416 4205 451 4260 7:
482 4199 555 4270 τοὺς
580 4200 608 4263 d’
625 4201 758 4271 ὀόόντας
780 4203 887 4283 βάλλει
917 4206 997 4287 βοῦς
1028 4204 1137 4289 θιετής,
1168 4207 1222 4268 καλ
1252 4207 1313 4269 οὐκ
1341 4206 1575 4290 ὀθρόουςάλλ

299 4288 408 4370 ὥσπερ
440 4289 541 4358 ἵππος.
573 4293 610 4350 ci.
634 4311 720 4368 geop.
736 4294 803 4351 XVI
823 4295 849 4362 1,
868 4296 1005 4356 12—16.
1028 4331 1071 4338 —
1105 4295 1241 4377 „Varro“
1277 4302 1379 4373 aperte
1409 4299 1576 4357 uberiorem

297 4380 411 4438 fontem
434 4381 598 4440 Aristotele
622 4383 705 4441 adiit.

404 4487 601 4556 v.117‚11:
629 4489 774 4568 „alternis
798 4491 851 4564 qui
874 4491 1046 4560 admittant,
1076 4493 1328 4551 diuturniores
1352 4512 1478 4569 equas,
1503 4511 1575 4551 me-

299 4575 411 4632 liores
435 4577 558 4650 pullos
581 4578 664 4635 fieri
682 4578 820 4648 dicunt,
838 4579 942 4656 itaque
958 4584 994 4638 ut
1008 4582 1158 4640 restibiies
1175 4590 1294 4654 segetes
1311 4599 1379 4640 esse
1395 4583 1574 4650 exuotiores‚

298 4664 344 4720 sio
368 4665 532 4739 quotannis
557 4684 635 4740 quae
659 4670 840 4742 praegnates
863 4664 971 4727 iiant“.
