3525 5342
709 427 931 493 ..55-

181 613 275 668 curat.
306 613 430 684 postero
454 627 544 678 anno,
570 627 638 667 cum
669 609 852 683 conprendit,
887 611 967 668 unde
990 613 1193 685 propagatum
1217 614 1274 680 est,
1300 613 1339 670 ab
1363 613 1461 671 altera

182 701 287 758 arbore
303 695 505 776 praecidit‘.1t
553 697 636 767 Quae
660 699 888 773 exspectatione
911 699 1008 774 magis
1032 702 1168 757 nostram
1191 700 1363 776 opinionem
1387 719 1460 760 con-

180 789 311 846 firmant.
359 788 457 862 Supra
479 787 611 845 vidimus
634 805 758 861 prorsus
782 788 821 845 ad
846 787 1057 862 dispositionis
1081 789 1224 857 ordinem,
1257 806 1317 864 quo
1346 806 1459 865 propo·

182 879 259 935 sitae
283 878 363 946 sunt,
389 877 527 950 singulas
552 877 748 951 quaestiones
771 877 904 934 tractari.
950 877 994 934 Ex
1011 877 1121 952 quibus
1137 877 1246 936 ultima
1261 880 1324 940 est:
1351 896 1460 958 „quam

182 967 220 1023 ad
243 966 365 1024 modum
389 959 569 1040 obligetur“,
596 983 675 1041 quae
697 965 829 1022 transitu
852 966 892 1023 ab
915 966 1112 1025 antecedente
1136 969 1222 1042 parte
1245 985 1370 1042 prorsus
1387 985 1460 1025 con-

181 1055 250 1112 fuso
274 1054 444 1130 praeceptis
468 1055 643 1129 plerumque
667 1071 704 1111 ex
720 1054 928 1128 Theophrasto
952 1055 1073 1112 haustis
1088 1055 1268 1122 illustratur,
1293 1057 1460 1131 etquidem

181 1161 243 1201 non
265 1144 354 1202 modo
378 1143 479 1217 agitur
503 1143 538 1200 de
562 1142 680 1200 ratione
703 1142 866 1216 obligandi,
893 1144 955 1212 sed,
980 1143 1012 1200 id
1035 1144 1117 1218 quod
1141 1144 1294 1202 artissime
1309 1145 1459 1213 cohaeret,

181 1233 272 1290 etiam
303 1232 454 1290 inserendi
485 1229 519 1307 (c.
544 1231 595 1300 41,
610 1232 629 1289 2
644 1230 707 1309 001.
755 1231 787 1288 Si
818 1249 889 1290 11010
922 1232 1043 1290 0111111110
1074 1233 1170 1291 ullum
1201 1232 1233 1291 in
1261 1233 1369 1302 locum,
1401 1234 1460 1291 huc

181 1324 300 1379 tantum
325 1321 497 1396 quandrant
518 1320 595 1378 haec
618 1322 719 1387 verba,
753 1323 784 1378 et
811 1321 932 1396 quidem
952 1321 1027 1395 poni
1050 1338 1111 1384 non
1135 1326 1266 1397 possunt
1289 1323 1350 1380 nisi
1372 1325 1460 1397 post:

184 1412 310 1490 „horum
345 1412 456 1468 natura
490 1409 630 1477 aridiora,
668 1404 831 1467 continuo“
857 1405 875 1488 ξ
898 1410 926 1467 3.
972 1410 1037 1468 Ηο0
1072 1426 1141 1468 011111
1171 1427 1233 1468 non
1263 1411 1379 1469 iactum
1409 1411 1459 1478 sit,

182 1499 286 1575 procul
321 1499 411 1556 dubio
447 1498 586 1567 efficitur,
623 1500 658 1555 ut
691 1498 767 1556 haec
797 1499 893 1556 verba
922 1516 983 1556 non
1011 1499 1050 1556 ab
1074 1516 1120 1567 eo,
1154 1499 1206 1575 qui
1229 1500 1461 1575 dispositionem

181 1588 263 1646 illam
294 1587 476 1662 tripartitam
508 1604 545 1644 ex
568 1587 777 1660 Theophrasto
809 1587 955 1645 haustam
982 1587 1095 1662 recepit
1117 1605 1154 1645 ac
1178 1588 1407 1662 diligentissime
1430 1589 1461 1646 in

183 1677 311 1751 singulis
342 1677 432 1734 rebus
462 1675 631 1734 tractandis
662 1675 803 1750 respexit,
841 1676 890 1733 hic
924 1676 987 1734 sint
1013 1677 1203 1751 interposita,
1240 1679 1293 1736 sed
1326 1679 1365 1736 ab
1400 1678 1461 1736 alio

184 1767 324 1840 quodam,
359 1765 410 1840 qui
443 1765 674 1839 dispositionem
705 1782 831 1838 prorsus
862 1766 1024 1839 neglegens
1056 1766 1105 1824 vel
1127 1766 1230 1840 potius
1254 1767 1376 1825 omnino
1400 1783 1462 1825 non

183 1855 366 1929 perspiciens
390 1854 465 1912 hacc
489 1854 566 1911 inter
588 1853 715 1927 primam
739 1856 769 1912 01
792 1854 957 1912 secundam
973 1856 1089 1929 partem
1105 1854 1224 1913 adiecit.
1270 1856 1356 1926 Quod
1372 1856 1462 1913 modo

183 1942 396 2011 conclusimus,
430 1942 626 2001 confirmatur
648 1942 831 2016 gravissimo
855 1945 1031 2016 argumento
1052 1961 1101 2011 eo,
1132 1944 1213 2019 quod
1236 1944 1361 2019 legitur:
1395 1947 1463 2022 „est

184 2032 315 2091 altera
339 2031 455 2106 species
479 2075 486 2088 .
511 2079 517 2091 .
542 2075 548 2088 .
572 2049 669 2105 nuper
691 2027 936 2100 animadversa“,
962 2049 1030 2088 cum
1050 2032 1136 2089 nulla
1151 2033 1274 2090 omnino
1291 2032 1461 2090 antecedat.

183 2121 221 2178 Ut
242 2122 301 2179 hoc
325 2121 430 2178 statim
453 2120 580 2182 addam:
612 2120 654 2188 Id,
690 2120 772 2194 quod
803 2120 862 2178 hoc
893 2121 961 2194 ipso
992 2121 1060 2178 loco
1091 2121 1141 2178 ille
1170 2120 1245 2179 haec
1268 2121 1461 2200 interposuit,

183 2213 261 2269 certe
285 2212 444 2285 propterea
465 2210 582 2266 factum
606 2211 663 2277 est,
689 2209 770 2284 quod
786 2208 817 2266 in
834 2205 852 2288 ξ
870 2209 889 2265 6
905 2209 998 2284 paulo
1015 2212 1090 2279 ante
1101 2209 1225 2284 legitur:
1251 2211 1316 2290 „ita
1330 2210 1462 2268 inserere

182 2294 331 2373 oportet“,
365 2307 493 2372 quorum
523 2299 683 2357 verborum
714 2297 911 2355 similitudine
942 2299 1093 2356 adductus
1122 2315 1212 2356 suum
1235 2299 1283 2356 hic
1306 2299 1461 2357 interiecit

182 2388 245 2446 Hoc
280 2389 381 2444 utrum
404 2387 499 2444 Varro
534 2387 640 2445 iecerit
673 2404 713 2444 an
745 2386 932 2461 Diophanes
968 2404 1039 2444 nam
1074 2387 1201 2446 Cassius
1228 2388 1396 2463 Dionysius
1430 2388 1462 2445 in

183 2495 306 2534 censum
329 2476 431 2534 venire
454 2494 517 2534 non
539 2478 650 2549 potest,
675 2475 752 2532 1111111
774 2475 864 2532 refert
888 2476 927 2532 ad
951 2474 990 2542 id,
1016 2476 1097 2550 quod
1113 2477 1182 2534 inde
1198 2477 1344 2539 efficitur:
1367 2477 1463 2534 Nemo

182 2566 242 2623 iam
265 2569 355 2639 neget
377 2583 455 2633 eum,
480 2565 533 2640 qui
556 2565 632 2622 haec
654 2564 837 2639 interposuit
860 2566 916 2621 aut
938 2565 1119 2640 interposita
1133 2565 1253 2640 recepit,
1271 2566 1350 2624 hanc
1365 2583 1463 2625 rerum

183 2654 413 2728 dispositionem
448 2655 549 2728 ipsum
583 2671 644 2711 non
678 2653 797 2722 fecisse,
834 2671 906 2710 nam
941 2657 1019 2711 certe
1051 2654 1178 2712 circulos
1212 2672 1287 2713 suos
1310 2655 1377 2730 ipse
1399 2672 1462 2712 non

181 2743 365 2812 foedissime,
401 2743 481 2800 sicut
514 2759 594 2800 nunc
628 2742 673 2810 iit,
710 2744 928 2817 perturbasset.
974 2742 1117 2818 Sequitur
1145 2743 1245 2817 igitur,
1279 2746 1315 2801 ut
1337 2745 1376 2802 ab
1400 2743 1461 2801 alio

183 2833 314 2907 quodam
350 2849 417 2889 eam
452 2831 628 2906 susceperit
675 2831 734 2889 Sed
770 2848 838 2888 cum
871 2849 959 2905 porro
992 2832 1117 2890 dubium
1144 2833 1278 2900 nonsit,
1316 2833 1388 2908 quin
1412 2832 1462 2889 ille

183 2923 298 2989 auctor,
331 2921 383 2996 qui
414 2938 462 2978 res
487 2921 650 2995 disposuit,
674 2920 747 2977 item
771 2937 808 2978 ex
832 2921 936 2978 ordine
960 2938 1014 2978 eas
1037 2921 1223 2990 tractaverit,
1256 2921 1395 2990 eflicitur,
1427 2923 1463 2978 ut

183 3010 284 3067 omnia
318 3027 355 3067 ea
389 3011 560 3084 praecepta,
598 3025 676 3084 quae
711 3010 877 3067 secundum
909 3009 1140 3084 dispositionem
1172 3010 1210 3067 ab
1238 3010 1286 3079 iis,
1320 3010 1372 3086 qui
1395 3010 1463 3067 eius

183 3116 271 3172 opere
302 3099 352 3156 usi
383 3100 463 3166 sunt,
496 3115 622 3173 prorsus
653 3097 821 3172 neglectam
850 3098 1003 3172 disposita
1027 3101 1108 3166 sunt,
1134 3117 1154 3156 a
1176 3099 1260 3156 nullo
1284 3099 1345 3157 alio
1368 3101 1463 3172 atque

184 3189 221 3245 ab
246 3187 298 3244 1110
322 3189 447 3244 auctore
471 3187 534 3244 sint
556 3187 686 3262 prolata,
712 3188 751 3244 ab
775 3187 819 3244 cis
836 3189 948 3254 autem,
967 3187 1019 3262 qui
1035 3188 1268 3261 exscripserunt,
1287 3187 1464 3261 simpliciter

184 3277 245 3333 sint
268 3275 428 3334 translata.
474 3275 539 3333 Hoc
562 3277 619 3344 001,
644 3278 680 3332 111
703 3293 748 3343 00,
774 3292 853 3350 quae
877 3275 1019 3343 eruimus,
1051 3275 1084 3332 in
1114 3292 1204 3332 usum
1227 3278 1365 3334 nostrum
1389 3292 1462 3332 con-

184 3367 355 3426 vertamus:
378 3364 474 3422 Varro
498 3381 560 3422 non
584 3382 621 3421 ex
644 3364 712 3438 ipso
736 3363 946 3436 Theophrasto
978 3363 1053 3420 haec
1075 3366 1239 3437 praecepta
1261 3364 1374 3432 hausit,
1407 3364 1461 3420 sed

184 3471 220 3510 ex
244 3453 350 3513 Cassio
374 3453 531 3528 Dionysio,
558 3471 647 3527 quem
670 3453 735 3526 ipse
759 3451 1001 3527 Theophrastum
1026 3452 1214 3526 excerpsisse
1237 3452 1338 3510 tradit.
1374 3451 1461 3521 Quod

184 3560 219 3600 eo
243 3542 312 3617 plus
343 3542 434 3610 valet,
468 3541 549 3616 quod
581 3541 741 3617 dispositio
773 3542 821 3598 est
852 3539 1080 3614 simplicissima
1107 3558 1143 3598 ac
1166 3558 1319 3615 perpauca
1340 3542 1461 3598 tantum

185 3631 326 3689 continet.

291 3719 405 3789 Quodsi
430 3736 570 3793 quaeras,
595 3721 695 3775 utrum
720 3719 795 3776 haec
818 3719 913 3776 verba
934 3718 1120 3775 interiecisse
1144 3718 1279 3787 arbitrer,
1296 3718 1462 3776 Varronem

29 3883 30 3892 ἵ
143 3795 145 3800 ’
184 3827 223 3865 011
246 3809 445 3882 Diophanem,
479 3808 622 3876 dubitem,
656 3807 727 3882 quid
756 3807 964 3881 respondeam.
1012 3807 1084 3865 Cum
1109 3807 1187 3864 enim
1211 3807 1408 3864 Sasernarum
1432 3809 1464 3864 et

183 3897 328 3971 imprimis
352 3896 499 3954 Tremellii
524 3895 646 3954 Scrofae
669 3896 746 3963 libri,
771 3913 808 3953 ex
832 3896 942 3971 quibus
967 3896 1061 3953 Varro
1078 3895 1158 3953 sicut
1173 3896 1236 3953 alia
1250 3895 1325 3953 haec
1341 3913 1462 3971 quoque

183 3987 302 4044 haurire
325 3986 434 4061 potuit,
460 3986 520 4042 iam
545 4002 605 4043 non
629 3987 757 4053 exstant,
783 3985 909 4042 andacia
934 4002 1001 4043 esse
1025 3984 1097 4040 mihi
1120 3985 1240 4042 videtur
1262 4003 1371 4060 negare
1387 3985 1462 4043 haec

184 4092 203 4131 a
225 4075 370 4142 Varrone,
407 4074 465 4132 etsi
499 4091 561 4131 non
595 4074 640 4131 ita
672 4074 755 4142 scite,
789 4091 857 4131 esse
880 4074 994 4141 addita,
1025 4073 1201 4148 praesertim
1225 4092 1293 4131 cum
1315 4074 1463 4132 Romanis

184 4164 259 4221 haec
281 4163 434 4222 inserendi
464 4163 543 4220 ratio
574 4165 650 4220 nota
681 4165 771 4220 esset.
817 4162 894 4219 Nam
923 4162 996 4221 Cato
1022 4180 1045 4220 c.
1062 4162 1148 4231 41,2
1173 4163 1312 4237 scripsit:
1346 4163 1463 4243 „altera

292 4351 578 4422 1101.Κο11111000111.
619 4350 746 4420 Ι991100.
783 4350 939 4406 Verborum
964 4352 1032 4405 ordo
1061 4352 1108 4421 qui
1135 4352 1180 4416 sit,
1209 4369 1272 4406 cum
1298 4368 1355 4404 non
1379 4349 1463 4405 facile

184 4422 371 4492 intellegatur,
397 4439 461 4477 ere
480 4368 768 4477 011111111011111110011
787 4423 882 4476 ordine
902 4424 1066 4493 exspectato
1085 4423 1202 4477 afferre:
1229 4467 1235 4478 .
1255 4467 1261 4478 .
1282 4467 1288 4478 .
1308 4421 1383 4475 01111
1401 4421 1478 4475 eius¹

184 4510 261 4547 ramo
281 4495 406 4565 praeciso
426 4511 459 4548 ac
477 4494 586 4548 diffisso
606 4493 720 4563 inplicat
739 4510 802 4546 eum
820 4493 914 4547 locum
934 4493 981 4564 qui
999 4492 1139 4562 contingit
1156 4494 1204 4560 ita,
1229 4498 1269 4559 ut,
1295 4493 1370 4563 quod
1387 4492 1462 4546 intro

185 4568 235 4628 est,
255 4582 290 4619 ex
308 4569 428 4636 utraque
446 4567 526 4635 parte
544 4565 616 4619 ialce
635 4567 817 4618 extenuatum
837 4581 872 4618 ex
890 4580 948 4618 una
964 4565 1045 4634 parti,
1064 4565 1140 4635 quod
1153 4564 1260 4619 caelum
1273 4564 1395 4617 visurum
1408 4566 1462 4628 est,

186 4637 317 4690 corticem
345 4652 408 4690 cum
436 4636 539 4691 cortice
564 4639 750 4706 exaequatum
784 4634 896 4691 habeat.
925 4666 959 4675 —
987 4635 1085 4705 Itaque
1110 4639 1176 4705 post
1202 4635 1348 4705 ,inplicat“
1377 4634 1463 4688 inter-

185 4708 271 4776 pungi
289 4724 346 4761 non
364 4708 437 4772 licet,
457 4708 529 4761 siout
546 4706 652 4761 Keilius
670 4707 745 4762 10011.
787 4765 791 4772 ,
