3525 5342
727 414 950 480 ,15-

867 597 896 655 3.
912 597 1036 655 hostum
1051 599 1166 655 vocant
1177 598 1259 674 quod
1269 615 1306 656 ex
1318 615 1379 656 uno
1394 598 1478 657 iacto

866 686 926 745 olei
948 686 1089 744 reficitur.
1123 687 1239 744 factum
1269 687 1374 744 dicunt
1396 687 1478 762 quod

866 793 928 832 uno
973 777 1108 850 tempore
1159 775 1334 843 conficiunt,
1389 794 1479 851 quem

865 864 919 922 alii
936 863 1007 922 CLX
1022 864 1110 922 aiunt
1131 881 1201 922 esse
1224 864 1400 933 modiorum,
1426 865 1479 922 alii

865 953 911 1010 ita
941 954 1041 1010 minus
1072 969 1224 1026 magnum,
1259 955 1295 1010 ut
1328 954 1367 1011 ad
1403 953 1478 1011 CXX

865 1042 1040 1110 descendat,
1073 1042 1181 1100 exinde
1205 1044 1239 1099 ut
1261 1060 1341 1100 vasa
1363 1042 1479 1100 olearia

866 1132 943 1206 quot
974 1133 1005 1189 et
1035 1133 1154 1205 quanta
1184 1130 1328 1200 habeant,
1365 1132 1477 1207 quibus

198 1220 228 1278 3.
253 1220 364 1277 circum
386 1215 528 1298 [coronas
551 1220 582 1276 et
596 1218 705 1277 circum
729 1214 809 1298 vias]
865 1218 1031 1278 conficiunt
1054 1219 1130 1277 illut.
1161 1219 1244 1294 quod
1260 1219 1336 1277 Cato
1357 1220 1401 1278 ait
1420 1221 1477 1278 cir-

199 1309 299 1367 ulmos
324 1308 416 1366 serito
434 1309 464 1366 et
479 1308 589 1383 partim
601 1308 742 1384 populos,
763 1308 811 1365 uti
865 1326 933 1366 cum
944 1308 1072 1365 fundum
1084 1308 1183 1366 ulmos
1196 1310 1227 1366 et
1238 1308 1379 1384 populos,
1398 1309 1477 1366 unde

198 1397 335 1456 frondem
352 1397 462 1456 ovibus
479 1399 509 1454 et
524 1397 624 1455 bubus
640 1397 756 1456 habeas
779 1400 811 1456 et
863 1397 950 1455 frons
979 1397 1090 1455 ovibus
1114 1400 1145 1454 et
1167 1398 1267 1455 bubus
1296 1397 1337 1456 sit
1360 1400 1390 1455 et
1412 1415 1477 1455 ma·

198 1487 349 1555 materies,
385 1481 485 1565 [siquo
516 1503 595 1561 opus
624 1485 672 1555 sit,
702 1487 811 1564 parata
863 1486 965 1554 terias,
991 1486 1050 1544 seri
1073 1489 1212 1561 oportere

197 1571 264 1654 erit]
910 1573 974 1650 (sed
997 1576 1056 1633 hoc
1071 1592 1169 1650 neque
1184 1575 1214 1631 in
1236 1574 1377 1652 omnibus
1399 1575 1476 1634 locis

864 1681 943 1739 opus
959 1666 1007 1722 est
1021 1681 1119 1738 neque
1135 1664 1165 1720 in
1186 1663 1298 1738 quibus
1322 1665 1371 1722 est
1386 1681 1474 1739 opus,

863 1755 986 1828 propter
996 1753 1134 1810 trondem
1149 1750 1289 1830 maxime)
1303 1752 1368 1810 sine
1385 1753 1476 1810 detri-

863 1845 965 1900 mento
996 1844 1151 1917 ponuntur
1187 1860 1206 1898 a
1236 1841 1476 1916 septemtrionali

863 1934 958 2005 parte,
984 1931 1066 2005 qnod
1089 1947 1150 1988 non
1174 1930 1314 1988 officiunt
1336 1929 1403 1988 soli.

192 2019 295 2076 sicubi
319 2014 360 2098 [in
383 2018 422 2077 iis
445 2018 521 2077 locis
537 2019 620 2094 ripae
641 2015 705 2098 aut]
722 2019 808 2077 locus
863 2019 893 2078 4.
909 2020 962 2077 Ille
991 2019 1086 2076 adicit
1116 2020 1155 2076 ab
1186 2019 1291 2077 eodem
1319 2018 1473 2093 scriptore,

194 2110 335 2166 umectus
366 2107 429 2176 erit,
459 2108 501 2166 ibi
529 2108 688 2166 cacumina
710 2125 808 2183 popu·
863 2109 891 2166 si
913 2108 1000 2166 locus
1016 2109 1154 2166 umectus
1177 2108 1227 2175 sit,
1252 2108 1294 2165 ibi
1317 2108 1476 2166 cacumina

192 2197 293 2255 ⁴lorum
325 2196 416 2254 serito
449 2199 478 2254 et
505 2197 747 2255 harundinetum.
778 2197 809 2254 id
862 2197 1043 2272 populorum
1056 2197 1183 2254 serenda
1195 2197 1475 2254 etharundinetum.

193 2285 255 2345 hoc
286 2285 376 2344 modo
405 2285 510 2344 serito:
541 2277 661 2369 (prius)
694 2285 808 2360 bipalio
862 2287 893 2343 id
925 2287 1009 2360 prius
1039 2285 1152 2360 bipalio
1183 2286 1268 2354 verti,
1298 2285 1340 2343 ibi
1368 2286 1474 2344 oculos

196 2374 318 2441 vertite,
336 2374 379 2431 ibi
400 2374 506 2433 oculos
521 2374 699 2432 harundinis
716 2374 808 2449 pedes
862 2374 1041 2433 harundinis
1065 2375 1157 2449 pedes
1179 2376 1283 2432 ternos
1315 2374 1408 2432 alium
1435 2377 1474 2433 ab

191 2465 298 2522 ternos
337 2463 430 2521 alium
465 2465 504 2522 ab
535 2463 596 2522 alio
634 2463 734 2522 serito.
766 2463 808 2522 ibi
862 2464 924 2522 alio
947 2464 1008 2521 seri

195 2552 353 2611 corrudam
399 2552 500 2621 serito,
547 2553 627 2610 unde
665 2552 808 2627 asparagi
1054 2549 1068 2580 *
1266 2549 1279 2580 *

1159 2598 1174 2628 t

194 2641 280 2699 fiant.
316 2641 344 2699 4.
369 2659 439 2698 nam
463 2643 605 2701 convenit
624 2641 807 2700 harundine·
863 2643 967 2716 aptam
1003 2658 1070 2700 esse
1105 2641 1225 2716 utrique
1256 2641 1382 2699 eandem
1413 2641 1474 2698 iere

191 2732 260 2787 tum
280 2747 348 2787 cum
376 2730 511 2799 corruda,
538 2748 573 2788 eo
597 2731 670 2806 quia
693 2730 809 2789 foditur
863 2731 1019 2789 culturam.

195 2820 226 2876 et
239 2819 408 2876 incenditur
423 2822 453 2877 et
467 2820 605 2877 umbram
620 2837 673 2894 per
687 2821 807 2894 tempus

194 2907 295 2965 habet.
341 2907 465 2966 salicem
510 2925 649 2984 graecam
697 2908 808 2966 circum
862 2907 986 2966 salicem
1001 2925 1141 2982 graecam
1156 2907 1268 2965 circum
1290 2907 1473 2965 hanmdine·
1527 2925 1530 2929 ’

189 2996 428 3054 'harundinetum
451 2996 553 3067 serito,
586 2997 632 3054 uti
662 2997 729 3066 siet,
755 2997 808 3072 qui
861 2999 927 3054 tum
964 2997 1024 3054 seri
1062 2999 1208 3072 oportere,
1248 2995 1294 3053 uti
1332 2995 1381 3064 sit,
1421 2997 1473 3071 qui

190 3085 313 3143 vineam
337 3085 453 3161 alliges.
861 3086 935 3144 vitis
959 3085 1076 3160 alligari
1099 3085 1207 3161 possit.

304 3245 344 3303 Ut
366 3263 386 3302 a
408 3262 439 3303 re
463 3263 542 3304 mere
559 3247 662 3305 extera
685 3263 722 3304 ac
740 3248 842 3304 tamen
857 3245 1040 3320 gravissima
1055 3245 1253 3312 exordiamur,
1276 3244 1473 3302 statuendum

190 3336 243 3392 est
264 3336 299 3391 ut
313 3334 363 3392 hie
385 3334 431 3393 sic
446 3335 553 3393 ceteris
578 3335 717 3394 omnibus
740 3335 825 3402 locis,
850 3334 961 3409 quibus
977 3333 1122 3392 Catonem
1144 3334 1290 3400 nominat,
1307 3333 1472 3391 Varronem

193 3440 305 3482 nomen
328 3423 382 3492 eis,
407 3440 486 3499 quae
517 3424 586 3481 inde
617 3423 729 3492 hausit,
763 3423 987 3498 praeposuisse.
1033 3421 1178 3479 Conferas
1195 3421 1283 3491 12,7
1309 3418 1388 3498 (ibid.
1406 3420 1471 3498 28);

189 3511 317 3581 '‘1,1,9;
345 3510 443 3581 18,1;
471 3512 519 3582 19,
541 3512 571 3582 l,
595 3512 647 3581 22,
666 3512 699 3582 ὃς
725 3509 1470 3585 23,7;58.60;113,3;4,11.-1nsignissi-

194 3616 275 3658 mum
299 3603 377 3658 certe
400 3600 432 3659 id
455 3602 510 3670 est,
544 3601 626 3675 quod
648 3602 743 3659 Varro
774 3601 865 3659 rebus
896 3602 927 3658 et
948 3599 1048 3658 verbis
1076 3616 1180 3674 presse
1207 3599 1246 3657 ad
1271 3598 1414 3657 catonem
1438 3615 1472 3657 se

191 3688 337 3764 applicat,
369 3689 401 3747 id
432 3689 513 3764 quod
546 3690 650 3748 eodem
680 3690 770 3748 modo
800 3689 837 3747 fit
866 3689 916 3747 his
946 3688 1036 3748 locis:
1067 3688 1101 3745 V.
1117 3687 1204 3757 lul
1238 3690 1269 3746 et
1299 3687 1329 3746 (1.
1345 3688 1470 3756 12-3;

193 3777 334 3846 V.17,9
359 3779 389 3836 et
412 3777 520 3858 c.16;
542 3777 668 3848 v.118‚
690 3775 731 3857 1¹)
759 3780 790 3836 et
818 3777 936 3846 c.xl;
963 3776 1191 3846 xlr;v.119‚
1213 3776 1327 3845 l,3et
1352 3776 1470 3846 c.x1;

192 3865 233 3924 XI
248 3865 279 3935 13
302 3866 337 3925 V.
353 3865 418 3925 160
441 3869 472 3925 et
495 3866 638 3937 c.v114;
673 3867 707 3925 V.
725 3867 746 3936 1,
758 3866 800 3925 58
823 3869 853 3924 et
874 3866 903 3925 0.
919 3865 1013 3935 vus,
1031 3865 1083 3924 ubi
1109 3883 1163 3941 pro
1191 3862 1345 3944 Catonis¹t
1370 3866 1471 3925 verbis

196 3971 295 4034 „quas
331 3955 504 4031 suspendas
538 3956 700 4014 duracinae
735 3955 886 4014 aminnias
920 3950 1069 4014 maiores“
1102 3955 1198 4013 Varro
1233 3955 1337 4030 posuit
1372 3972 1471 4036 „quas

193 4044 366 4119 suspendas
397 4043 671 4119 opportunissimas
704 4061 772 4103 esse
807 4044 969 4103 duracinss
1001 4045 1032 4102 et
1069 4043 1227 4102 aminneas
1261 4038 1470 4102 scantianas“.

189 4132 352 4191 Praeterea
377 4133 428 4212 „in
449 4129 534 4192 lora“
559 4132 595 4191 V.
612 4133 721 4192 omisit.

300 4339 318 4410 ¹)
337 4339 443 4395 Ibidem
462 4339 537 4412 quod
555 4339 711 4395 salictarius
728 4339 785 4396 iam
802 4355 860 4395 non
878 4342 1064 4405 enumeratur,
1084 4339 1132 4410 qui
1149 4339 1270 4394 affertur
1286 4356 1332 4410 ap.
1351 4338 1380 4394 0.
1395 4337 1470 4404 11,1‚

193 4409 248 4466 hoc
266 4414 342 4466 certe
359 4427 417 4465 non
434 4411 575 4477 Varronis,
601 4411 650 4466 sed
672 4411 778 4466 scribae
801 4410 917 4466 alicuius
941 4426 1035 4465 errore
1059 4413 1104 4466 est
1126 4411 1242 4477 iactum,
1264 4411 1343 4465 cuius
1362 4407 1470 4464 oculia

190 4483 278 4537 verbo
303 4482 482 4537 asinarium
504 4483 541 4538 ad
565 4481 762 4538 salictarium
783 4481 989 4538 deerraverrmt.
1025 4480 1084 4536 Nec
1106 4482 1196 4551 magis
1219 4481 1339 4535 dubitari
1366 4481 1468 4551 potest,

193 4552 260 4678 ‘lin
274 4552 878 4692 strifhrllsriittllstth
891 4552 1172 4694 111111ὲέ11110
1180 4554 1286 4693 iiiii
1293 4551 1469 4690 {tisis

188 4639 236 4680 δι’
298 4696 318 4766 ¹)
337 4695 451 4751 Catonis
468 4697 547 4751 locus
564 4696 647 4751 valde
664 4699 709 4752 est
727 4666 1200 4767 οοπιιρ1ιιε’(οῐ.1(ο11.οοηιιιιθιι1.1.
1235 4664 1241 4689 ⁹
