3525 5342
796 423 1024 488 ..58-

277 606 452 680 significata
473 609 538 664 tam
561 605 671 663 eximio
692 606 760 664 loco
784 605 897 680 posuit,
923 606 1116 681 cognoscitur
1131 623 1199 663 eum
1221 606 1279 664 hoc
1302 609 1495 681 praeceptum
1517 608 1558 665 de

276 695 391 770 planta,
416 695 448 752 in
472 712 563 770 quam
586 695 737 761 inseritur,
770 694 846 752 illud
870 695 907 752 de
930 713 975 763 ee,
1009 713 1088 770 quae
1110 694 1261 763 inseritur,
1289 695 1441 770 posuisse.
1487 696 1560 767 Qua.

276 785 307 841 in
341 802 372 841 re
407 784 569 842 Schneider
602 784 758 858 acquievit
792 783 895 841 dicens
930 781 1096 859 (comment
1121 801 1148 858 p.
1166 782 1241 861 348)
1271 783 1451 853 Varronem,
1486 802 1555 842 cum

276 873 360 948 prius
394 876 587 948 praeceptum
621 873 773 941 scriberet,
813 873 967 947 cogitasse
1001 872 1038 930 de
1072 872 1164 930 simili
1197 889 1230 930 re
1263 873 1317 939 eis,
1357 891 1436 948 quae
1470 874 1556 932 velut

275 962 470 1037 geopX‘lh,
489 962 528 1020 14
552 962 751 1037 proferuntur.
796 960 858 1019 Nec
881 961 998 1019 Keilius
1025 962 1090 1019 ulla
1112 979 1143 1018 re
1171 962 1309 1020 offensus
1332 965 1389 1020 est
1433 963 1475 1019 At
1496 980 1558 1020 nos

276 1052 479 1126 maximopere
503 1051 692 1110 offendimur.
740 1051 823 1120 Quae
846 1051 926 1108 enim
949 1052 998 1108 est
1012 1050 1090 1107 ratio
1114 1050 1193 1108 inter
1207 1050 1282 1108 haec
1298 1051 1359 1109 duo
1382 1054 1552 1126 praecepta,

277 1158 355 1216 quae
378 1143 414 1198 ut
445 1140 596 1216 particula
622 1135 714 1218 „aut“
741 1139 905 1197 coniuncta
935 1142 1014 1196 certe
1038 1139 1074 1196 de
1105 1139 1210 1197 eadem
1240 1157 1272 1197 re
1295 1140 1485 1214 impetranda
1515 1143 1558 1198 ah

277 1247 322 1298 eo,
348 1229 401 1305 qui
425 1229 540 1304 primus
564 1228 676 1302 posuit,
709 1228 829 1303 prolata
853 1229 946 1286 sunt?
985 1228 1087 1286 Priore
1109 1229 1146 1286 de
1170 1229 1291 1286 surculo
1314 1229 1413 1287 trihus
1436 1229 1554 1297 diebus

276 1321 440 1393 antequam
463 1318 622 1383 inseretur,
649 1317 817 1375 desecando
833 1319 927 1375 verba
950 1317 1038 1385 fiunt,
1064 1317 1230 1391 posteriore
1246 1317 1282 1374 de
1298 1318 1361 1375 vite
1384 1318 1552 1385 incidenda,

276 1409 312 1464 ut
333 1407 442 1465 humor
465 1406 655 1464 adventicius
672 1405 794 1463 effluere
817 1406 926 1481 possit.
961 1406 1026 1463 Hoc
1041 1406 1079 1473 is,
1105 1406 1157 1480 qui
1173 1407 1339 1463 secundum
1362 1411 1555 1482 praeceptum

276 1495 395 1562 adiecit,
420 1495 579 1570 impetrare
595 1495 700 1552 noluit.
731 1495 791 1552 Res
815 1495 918 1570 potius
941 1495 987 1551 ita
1002 1512 1035 1552 se
1058 1495 1163 1552 habet:
1186 1495 1282 1553 Varro
1306 1512 1368 1553 non
1391 1496 1553 1571 perspexit,

277 1602 356 1659 quae
380 1584 458 1641 ratio
482 1584 601 1642 intersit
630 1584 707 1641 inter
730 1584 805 1641 haec
828 1585 889 1641 duo
923 1587 1093 1658 praecepta,
1125 1601 1231 1658 nempe
1254 1587 1415 1659 utrumque
1438 1585 1553 1650 docere,

277 1690 337 1747 quo
361 1673 450 1731 modo
474 1673 663 1749 impediatur,
695 1690 733 1730 ne
756 1673 867 1730 nimius
898 1672 1005 1731 humor
1032 1673 1153 1730 surculo
1177 1673 1270 1731 insito
1293 1676 1411 1733 noceat.
1457 1675 1554 1732 Theo-

278 1761 421 1836 phrastus
445 1762 599 1837 praecipit,
623 1764 659 1818 ut
681 1763 760 1819 hanc
784 1764 822 1820 ob
846 1778 907 1818 rem
930 1761 1028 1819 tribus
1052 1761 1158 1819 diebus
1174 1765 1246 1819 ante
1269 1762 1443 1820 insitionem
1465 1763 1558 1819 vinea

277 1851 440 1908 desecetur.
488 1852 537 1908 Sic
561 1851 639 1908 enim
655 1851 767 1908 nimius
790 1851 898 1908 humor
913 1850 1014 1907 effluit
1035 1868 1090 1908 nec
1113 1853 1249 1908 remanet
1263 1852 1324 1909 uisi
1345 1854 1435 1909 tanta
1458 1852 1552 1925 copia,

277 1942 393 2015 quanta
423 1941 484 1998 iam
515 1958 577 1998 non
609 1941 704 1998 obest.
750 1939 834 2008 llum,
868 1939 921 2014 qui
951 1938 1079 1996 alterum
1106 1943 1299 2014 praeceptum
1322 1940 1447 2009 addidit,
1479 1941 1555 1997 haec

275 2031 371 2086 verba
402 2030 446 2087 sic
476 2032 512 2086 ut
542 2047 597 2104 ego
628 2030 856 2104 interpretatum
890 2046 958 2086 esse
990 2029 1059 2103 ipso
1082 2029 1140 2085 hoc
1170 2029 1265 2086 altero
1297 2033 1458 2104 praecepto
1482 2045 1554 2087 con-

275 2119 420 2175 firmatur.
466 2118 510 2176 Eo
533 2119 612 2175 enim
635 2117 807 2192 pericudum,
834 2135 870 2174 ue
894 2117 1006 2174 nimius
1029 2116 1138 2174 humor
1159 2121 1278 2186 noceat,
1303 2119 1349 2176 ita
1369 2118 1496 2185 tollitur,
1520 2120 1556 2175 ut

276 2207 356 2264 inira
378 2208 488 2275 locum,
522 2225 582 2282 quo
614 2207 739 2264 insitum
771 2208 826 2274 est,
859 2207 891 2263 in
921 2207 1062 2264 corticem
1093 2206 1253 2274 incidatur,
1286 2224 1347 2281 quo
1371 2225 1409 2264 ex
1430 2207 1556 2265 vulnere

275 2297 386 2353 nimius
410 2297 518 2353 humor
541 2295 648 2363 effluit,
680 2296 858 2370 priusquam
882 2295 921 2352 ad
944 2295 1070 2353 insitum
1099 2296 1242 2370 pervenit
1289 2296 1371 2353 Haec
1394 2296 1556 2371 igiturest

278 2386 374 2442 altera
396 2385 474 2442 ratio
506 2384 667 2452 inserendi,
700 2402 779 2458 quae
809 2384 905 2442 multo
938 2384 1043 2441 melior
1074 2387 1104 2441 et
1127 2385 1312 2442 commodior
1343 2403 1435 2460 quam
1458 2385 1556 2443 Theo-

276 2475 422 2548 phrastea
445 2475 501 2540 est,
527 2491 594 2540 cum
618 2473 663 2530 sic
685 2473 752 2530 lieri
771 2473 879 2548 possit,
905 2476 948 2541 ut,
974 2473 1102 2530 simulac
1125 2473 1198 2530 vitis
1223 2475 1346 2531 desecta
1369 2477 1424 2542 est,
1451 2475 1557 2531 statim

276 2563 435 2620 inseratur.
475 2562 507 2619 Si
522 2562 725 2619 intelleximus
748 2562 827 2619 haue
844 2579 912 2618 esse
934 2562 1080 2620 rationem
1098 2562 1177 2618 inter
1199 2563 1256 2620 has
1273 2563 1350 2620 duas
1375 2563 1553 2630 sententias,

276 2654 341 2708 tum
373 2652 491 2708 demum
522 2651 698 2725 explicatur,
731 2668 783 2707 cur
814 2649 942 2706 alterum
976 2653 1169 2724 praeceptum
1199 2651 1258 2708 hoo
1288 2653 1356 2726 ipso
1387 2653 1454 2709 loeo
1487 2654 1555 2708 stet.

276 2739 391 2797 Eximie
416 2740 494 2797 enirn
517 2741 577 2797 huc
600 2740 730 2815 quadrat
759 2756 814 2796 nec
837 2739 938 2796 minus
962 2741 1037 2796 hene
1069 2740 1219 2814 particula
1244 2735 1337 2819 „aut“
1363 2741 1411 2798 hic
1435 2741 1553 2818 legitur,

277 2829 364 2886 euius
387 2829 419 2886 in
442 2829 542 2886 verbis
558 2828 756 2886 Varroniauis
780 2828 883 2885 nullus
900 2831 947 2885 est
970 2829 1066 2885 locus
1101 2829 1141 2885 Ut
1161 2829 1238 2886 enim
1255 2830 1339 2904 prius
1364 2832 1556 2904 praeceptum

275 2917 424 2975 Reatinus
448 2920 527 2974 reete
559 2916 748 2984 converterit,
780 2918 893 2984 tamen,
926 2917 953 2974 si
981 2917 1135 2974 surculum
1166 2917 1329 2975 admodum
1352 2919 1501 2976 siccatum
1524 2919 1557 2974 in

276 3007 369 3064 vitem
400 3006 490 3064 modo
525 3008 672 3064 resectam
702 3005 865 3064 inserueris
897 3007 990 3080 atque
1021 3006 1130 3080 argilla
1163 3009 1194 3064 et
1227 3006 1303 3065 libro
1334 3008 1447 3065 vulnus
1479 3007 1556 3065 ohli-

277 3095 406 3170 gaveris
439 3095 471 3152 in
493 3094 552 3153 hac
575 3095 685 3152 nimius
708 3094 816 3151 humor
838 3094 919 3152 inest
941 3111 986 3155 ac.
1020 3113 1088 3152 cum
1119 3113 1272 3171 nusquam
1295 3097 1422 3154 evadere
1446 3096 1553 3170 possit,

277 3188 332 3243 aut
366 3185 520 3259 putrescit,
558 3185 613 3242 aut
646 3183 747 3251 eflicit,
784 3185 819 3240 ut
853 3183 993 3241 surculus
1024 3185 1147 3252 insitus,
1183 3188 1218 3242 ut
1254 3186 1382 3244 termino
1416 3185 1556 3242 technieo

276 3272 439 3330 vernaculo
470 3275 549 3342 utar,
587 3273 750 3344 „ersttuit“.
797 3273 879 3342 Quae
911 3289 979 3330 cum
1010 3273 1055 3330 ita
1085 3274 1154 3340 sint,
1191 3291 1245 3346 pro
1277 3277 1358 3332 certo
1390 3273 1557 3332 statuimus

276 3362 442 3420 Varronem
465 3363 541 3419 haec
572 3363 632 3419 duo
664 3365 825 3437 praecepta
848 3379 910 3419 non
933 3362 1022 3419 modo
1047 3379 1084 3418 ex
1112 3379 1200 3437 opere
1224 3364 1368 3431 auctoris,
1403 3363 1457 3441 qui
1480 3363 1556 3420 scite

277 3469 314 3508 ea
337 3451 513 3526 protulerat,
539 3451 747 3525 exscripsisse,
774 3451 826 3512 sed
851 3451 942 3507 etiam
965 3451 1090 3526 insuper
1112 3451 1197 3526 prius
1220 3469 1346 3525 prorsus
1362 3452 1440 3509 male
1463 3452 1556 3508 inter-

277 3542 428 3614 pretatum
461 3558 536 3597 esse.
583 3540 636 3597 Ille
668 3543 770 3596 autem
805 3542 912 3596 auctor
945 3539 1006 3597 iuit
1039 3540 1166 3598 Cassius
1197 3540 1372 3615 Dionysius,
1410 3541 1458 3597 oui
1493 3557 1555 3597 non

277 3628 382 3686 dubito
406 3629 463 3686 hoc
487 3628 614 3686 alterum
646 3630 839 3702 praeceptum
868 3628 1039 3697 attribuere,
1073 3646 1141 3686 oum
1163 3632 1330 3704 propterea,
1364 3630 1445 3704 quod
1469 3630 1556 3687 solus

277 3717 314 3784 is,
349 3717 400 3792 qui
424 3717 626 3792 Theophrasti
656 3718 849 3791 praeceptum
872 3719 952 3774 recte
982 3717 1198 3792 interpretatus
1222 3721 1294 3784 erat,
1327 3719 1385 3776 hoc
1417 3719 1554 3786 alterum,

279 3823 338 3880 quo
362 3806 441 3862 idem
463 3807 650 3880 impetratur,
684 3806 793 3862 addere
817 3805 926 3879 potuit,
958 3808 1032 3874 tum,
1066 3807 1148 3881 quod
1172 3808 1295 3864 omnino
1325 3807 1374 3864 hic
1397 3807 1557 3872 interiecit,

278 3895 306 3950 h.
320 3912 345 3951 e.
362 3894 592 3969 dispositionem
616 3894 773 3967 diligenter
789 3894 930 3969 respexit,
957 3913 1047 3970 quam
1071 3897 1172 3963 abeo,
1199 3897 1251 3969 qui
1274 3896 1349 3953 illud
1365 3896 1555 3953 additamen-

278 3985 343 4039 tum
367 4001 460 4056 supra
481 3985 646 4040 tractatum
663 3983 810 4050 adiunxit,
836 4000 960 4058 prorsus
977 4002 1045 4042 esse
1068 3984 1236 4056 neglectam
1251 3984 1393 4042 vidimus,
1417 3985 1559 4042 Efficitur

277 4071 369 4145 igitur
399 4072 503 4145 procul
537 4072 638 4140 dubio,
672 4073 708 4128 ut
729 4071 826 4129 Varro
858 4072 957 4129 denuo
992 4090 1052 4130 non
1086 4073 1187 4147 ipsum
1214 4073 1464 4148 Theophrastum,
1502 4074 1556 4130 sed

278 4160 417 4218 Cassium
440 4160 621 4236 Dionysium
645 4179 664 4217 a
687 4161 845 4235 Diophane
868 4161 1059 4218 decurtatum
1083 4163 1284 4237 exscripserit.

384 4249 424 4305 Ut
453 4249 544 4306 etiam
576 4250 606 4306 id
638 4250 806 4316 absolvam,
840 4249 922 4324 quod
946 4250 1117 4317 Schneider,
1145 4253 1181 4308 ut
1211 4269 1305 4326 supra
1328 4250 1399 4319 dixi,
1437 4251 1557 4308 censuit

278 4339 443 4396 Varronem
477 4339 509 4394 in
540 4338 640 4396 animo
675 4337 821 4396 habuisse
856 4338 953 4396 simile
989 4339 1042 4407 eis,
1079 4357 1157 4415 quae
1188 4341 1219 4395 in
1242 4357 1327 4415 geop.
1343 4339 1370 4396 X
1387 4340 1439 4406 75,
1457 4339 1558 4414 14sq.

277 4428 481 4502 proferuntur:
514 4422 563 4486 δεῖ
583 4423 617 4486 δὲ
639 4423 677 4485 τὰ
701 4423 859 4504 ε’νθέματα
882 4423 1041 4506 ληγούσης
1063 4431 1118 4507 τῆς
1141 4425 1273 4507 σελήνης
1295 4425 1468 4507 λαμβάνειν
1490 4424 1555 4506 πρὸ

278 4512 300 4575 ι’
324 4517 344 4595 ἢ
368 4513 421 4575 καλ
443 4512 600 4576 πλειόνων
632 4513 763 4594 ἡμερῶν
794 4518 850 4574 τοῦ
882 4513 1105 4594 ἐγκεντρισμοῦ
1135 4514 1189 4576 καὶ
1211 4521 1308 4576 ταῦτα
1330 4514 1556 4577 κατατίθεσθαι

277 4603 311 4664 ἓν
334 4603 450 4683 ἀγγείῳ
481 4601 715 4683 κεκαλυμμένα)
747 4601 909 4682 ἀσφαλῶς,
940 4602 988 4670 ὡς
1009 4602 1055 4684 μὴ
1085 4603 1293 4686 ὃιαπνενσθῇ,
1325 4607 1464 4681 equidem
1487 4623 1556 4680 per·

280 4711 406 4752 suasum
421 4695 519 4752 habeo
543 4712 580 4752 ne
604 4694 683 4751 hanc
700 4693 819 4768 quidem
843 4711 905 4752 rem
920 4693 952 4751 in
976 4711 1099 4751 censum
1114 4695 1224 4752 venire.
1260 4696 1292 4752 Si
1316 4696 1394 4752 enim
1411 4695 1557 4760 vidimus,
