3525 5342
798 375 1021 438 ,44-

269 575 366 631 aeque
398 561 553 616 crescunt:
587 575 657 615 nam
688 557 806 614 radices
838 559 985 614 autumno
1017 554 1103 633 aut¹l
1134 557 1231 614 hieme
1261 557 1360 631 magis
1384 559 1442 615 sub
1469 560 1550 615 terra

269 663 361 720 quam
393 663 488 720 supra
518 648 665 712 crescunt,
684 640 697 726 Ιή
714 646 796 719 quod
827 649 927 704 tectae
957 650 1056 704 terrae
1087 649 1191 720 tepore
1215 649 1431 721 propagantur,
1456 663 1551 720 supra

270 737 381 792 terram
414 736 483 792 aere
512 735 664 808 frigidiore
688 737 842 808 coguntur.
867 729 879 815 ΙΙ
903 735 1007 810 itaque
1029 736 1075 792 ita
1097 753 1167 793 esse
1190 734 1299 794 docent
1321 734 1485 802 silvestria,
1510 735 1550 793 ad

269 841 349 898 quae
382 825 467 882 sator
497 841 558 881 non
590 825 729 891 accessit,
764 841 835 881 nam
858 823 942 898 prius
966 823 1093 891 radices,
1127 841 1219 899 quam
1242 841 1280 881 ex
1303 823 1342 881 iis
1365 824 1447 898 quod
1471 823 1550 882 solet

270 913 365 977 nasei,
392 915 539 970 crescunt.
557 907 569 993 ή
586 930 684 986 neque
707 912 824 970 radices
848 913 970 987 longius
994 913 1169 986 procedunt,
1194 912 1338 987 nisique
1363 916 1451 987 tepor
1467 912 1550 970 veuit

270 1001 347 1060 solis
371 995 383 1082 ή
408 999 530 1077 (duplex
561 1019 657 1059 causa
687 1001 843 1070 radicium,
876 1002 958 1076 quod
989 1005 1020 1060 et
1050 1001 1204 1059 materiem
1228 1001 1320 1058 aliam
1343 1018 1435 1076 quam
1458 1001 1550 1059 aliam

270 1090 390 1164 longius
415 1091 524 1164 proicit
545 1091 667 1166 natural
691 1093 722 1147 et
745 1091 827 1166 quod
850 1090 913 1148 alia
934 1093 1016 1148 terra
1038 1089 1101 1147 aha
1122 1089 1244 1147 facilius
1266 1090 1349 1148 viam
1372 1085 1456 1148 dat“.

382 1179 611 1254 Theophrastus
635 1196 658 1236 c.
676 1179 715 1254 pl.
731 1179 744 1236 Ι
760 1179 799 1236 12
830 1180 906 1240 haec
936 1179 1039 1236 omnia
1070 1179 1115 1236 ita
1142 1181 1264 1247 tractat,
1297 1182 1333 1236 ut
1360 1196 1438 1245 eum,
1471 1195 1550 1253 quae

271 1269 366 1326 Varro
389 1268 511 1342 profert,
537 1267 619 1342 apud
642 1271 796 1326 auctorem
819 1268 970 1343 quendam
992 1268 1104 1342 legisse
1126 1268 1322 1326 manifestum
1345 1268 1394 1325 sit
1440 1267 1475 1325 ln
1494 1264 1514 1346 ξ
1533 1268 1547 1325 1

270 1357 440 1432 quaeritur:
464 1353 581 1433 πότερα
605 1353 633 1415 d’
658 1355 678 1435 ή
701 1354 868 1436 βλάστησις
890 1353 945 1416 καί
966 1355 1097 1435 αὔξησις
1119 1354 1188 1435 ἅμα
1210 1358 1276 1416 τῶν
1298 1354 1368 1416 ἄνω
1391 1376 1424 1416 τε
1439 1354 1551 1434 γίνεται

269 1443 324 1506 καὶ
353 1447 419 1505 τῶν
449 1441 513 1505 ὑπὸ
544 1448 602 1524 γῆς
624 1445 644 1524 ἢ
669 1442 856 1524 διῃρημέναι
885 1448 950 1512 τοῖς
980 1443 1125 1524 χρόνοις,·
1155 1443 1266 1522 ὥσπερ
1292 1443 1373 1512 τινές
1395 1464 1474 1523 φασι
1495 1441 1550 1511 τὰς

267 1531 329 1612 μὲν
360 1531 448 1612 ῥίζας
478 1531 672 1603 αὐξάνεσθαι
702 1533 895 1612 μετοπώρου
925 1531 980 1594 καί
1006 1537 1173 1613 χειμῶνος,
1203 1531 1241 1594 τὰ
1273 1531 1308 1594 δέ
1338 1531 1465 1613 στελέχη
1496 1531 1551 1594 καλ

271 1619 343 1688 τοὺς
366 1619 548 1701 ἀκρεμόνας
571 1621 667 1701 ἔαρος
689 1620 744 1682 καί
765 1620 886 1702 θέρους
909 1620 963 1683 καλ
983 1621 1116 1701 μάλιστα
1134 1621 1163 1683 d'
1179 1620 1244 1683 ὑπὸ
1258 1619 1295 1683 τὸ
1310 1621 1427 1701 ἄστρον
1439 1639 1446 1652 ·
1458 1625 1551 1682 τοῦτο

272 1708 307 1771 δὲ
329 1708 409 1770 κατὰ
424 1708 520 1789 λόγον
536 1709 621 1772 οὕτω
638 1709 829 1791 συμβαίνειν,
844 1715 883 1791 τῇ
899 1708 960 1790 γὰρ
976 1709 1088 1792 πρώτῃ
1105 1709 1221 1790 γενέσει
1235 1708 1503 1772 κατακολουθεῖν.
1515 1709 1550 1771 ἐν

269 1798 373 1879 ἐκείνῃ
399 1797 459 1878 γὰρ
481 1797 538 1880 τὴν
554 1798 644 1878 ῥίζαν
659 1798 814 1880 πρότερον
830 1801 850 1880 ἢ
866 1798 921 1861 τὸν
935 1797 1072 1879 βλαστὸν
1087 1799 1214 1880 ἀφιέναι
1228 1799 1338 1861 πάντα.
1377 1801 1552 1876 Sequuntur

273 1908 292 1946 a
315 1889 525 1964 Theophrasto
548 1890 616 1964 ipso
640 1890 830 1964 interposita,
856 1891 1082 1965 quibus.modo
1106 1891 1203 1948 allata
1217 1891 1289 1948 item
1306 1891 1548 1965 comprobantur,

271 1981 334 2036 turn
360 1979 455 2054 pergit
479 1975 553 2058 §32
576 1975 713 2045 πιθανὸς
737 1976 771 2039 δὲ
794 1976 965 2058 καὶταύτῃ
990 1976 1109 2048 ὅόξειεν
1133 1975 1192 2058 [ἂν]
1217 1975 1353 2056 ὁλόγος,
1377 1976 1424 2039 ὅτι
1438 1974 1476 2038 τὰ
1491 1974 1551 2056 μὲν

271 2065 341 2127 ἄνω
364 2065 519 2128 κωλύεται
544 2064 594 2128 διὰ
617 2064 672 2129 τὸν
694 2067 786 2146 πέριξ
809 2065 889 2146 ἀέρα
912 2064 1042 2146 ψυχρὸν
1064 2065 1148 2137 ὄντα,
1172 2064 1208 2126 τὰ
1233 2064 1268 2127 δὲ
1290 2065 1379 2128 κάτω
1402 2063 1549 2145 στεγαζό-

268 2177 351 2234 μενσ
374 2160 412 2236 τῇ
437 2160 476 2236 γή
499 2153 554 2216 καί
576 2155 643 2235 ἅμα
667 2154 974 2235 συγκατακλειόμενσ
997 2153 1062 2216 ὑπὸ
1083 2159 1140 2216 τοῦ
1164 2154 1292 2235 ’θερμοῦ
1317 2153 1368 2216 διὰ
1390 2152 1447 2235 τὴν
1469 2153 1550 2216 ἀντι-

270 2243 449 2324 περίστασιν
477 2249 514 2325 τή
543 2266 575 2304 τε
603 2243 747 2325 ὑγρότητι
770 2243 824 2306 καὶ
845 2249 952 2325 τροφή
975 2243 1193 2322 προσσύξεται.
1240 2246 1336 2315 Quam
1359 2263 1420 2302 rem
1443 2245 1551 2303 iterum

273 2336 308 2392 de
341 2351 397 2392 suo
430 2338 508 2392 certe
538 2335 680 2392 frumenti
711 2335 847 2410 exemplo
878 2335 1066 2409 probabilem
1100 2335 1206 2392 reddit.
1256 2334 1472 2409 Complectitnr
1504 2351 1549 2400 ea,

271 2441 352 2498 quae
384 2425 491 2481 auctor
522 2424 634 2491 attulit,
668 2424 755 2482 initio
786 2424 971 2498 paragraphi
994 2425 1014 2480 4
1038 2424 1121 2481 hisce
1144 2424 1262 2483 verbis:
1291 2421 1387 2502 ταύτῃ
1411 2419 1471 2500 μέν
1494 2417 1552 2482 οὖν

272 2509 391 2581 δόξειεν
415 2511 455 2571 ἂν
477 2509 663 2590 μερίζεσθαι
686 2509 721 2571 τὸ
743 2516 799 2591 τῆς
822 2510 998 2590 αὐξήσεως,
1029 2530 1172 2587 pergens:
1204 2509 1278 2591 τῇδε
1302 2509 1336 2572 ὀί
1366 2508 1460 2571 πάλιν
1490 2509 1550 2570 οὐκ

272 2600 312 2660 ἂν
336 2597 463 2670 δόξειεν.
510 2601 634 2659 Tractat
665 2605 767 2659 autem
799 2601 937 2676 singulae
961 2619 1082 2668 causas,
1116 2601 1228 2677 quibus
1252 2605 1359 2659 auctor
1381 2601 1551 2676 opinionem

272 2708 361 2747 suam
385 2691 580 2765 comprobare
605 2691 771 2758 studuerat,
798 2690 939 2765 deinceps
964 2691 1127 2765 proferens.
1153 2691 1212 2748 etsi
1234 2691 1266 2746 in
1289 2690 1385 2764 prima
1408 2685 1552 2766 γενέσειἺ

272 2779 360 2836 radix
383 2780 476 2854 paulo
500 2779 584 2853 prius
609 2796 700 2855 quam
724 2779 844 2837 coliculi
867 2781 1014 2847 oriantur,
1039 2783 1141 2837 tamen
1164 2797 1226 2837 rem
1249 2797 1310 2836 non
1330 2779 1376 2836 ita
1391 2796 1425 2836 se
1441 2779 1552 2836 habere

270 2865 306 2928 ἐν
328 2871 367 2947 τή
390 2870 494 2946 τροφῇ
516 2865 570 2927 καί
593 2865 722 2945 αὐξήσει
746 2865 776 2948 (ξ
793 2869 832 2946 4).
880 2869 967 2926 Sicut
996 2869 1075 2927 enim
1107 2869 1138 2926 in
1170 2867 1224 2926 illa
1247 2868 1350 2926 omnia
1372 2865 1441 2946 ἅμα
1463 2868 1550 2933 fiant,

273 2957 318 3013 ita
346 2958 438 3014 etiam
461 2957 493 3014 in
515 2958 587 3015 hac:
615 2955 633 3016 ὃ
656 2953 813 3017 καὶκατὰ
836 2954 893 3035 τὴν
916 2955 1048 3036 αὔξησίν
1070 2955 1132 3017 ἐστι
1154 2954 1304 3035 φανερόν.
1351 2956 1437 3025 Quod
1460 2973 1552 3030 para-

273 3045 389 3119 grapho
420 3046 529 3120 quinta
559 3046 650 3104 etiam
683 3047 856 3104 accuratius
888 3047 1020 3122 exponit
1037 3040 1048 3061 ’
1067 3047 1143 3104 Tum
1173 3045 1325 3104 convertit
1355 3045 1393 3102 ad
1425 3045 1551 3102 alteram

273 3152 399 3192 causam
424 3134 526 3192 dicens
550 3131 570 3214 ξ
587 3135 619 3193 6:
643 3133 663 3214 ή
689 3131 718 3194 δ’
743 3131 806 3195 ὑπὸ
823 3138 877 3196 τοῦ
894 3133 1021 3214 ψύχους
1035 3132 1173 3202 κώλυσις
1187 3137 1243 3212 τής
1257 3131 1460 3214 βλαστήσεως
1475 3130 1551 3211 ἀλη-

273 3219 336 3301 θὴς
366 3220 434 3302 μὲν,
466 3221 526 3283 οὐκ
558 3222 601 3284 ἔτι
632 3221 667 3284 δὲ
697 3227 783 3284 ποιεῖ
801 3221 958 3303 μερισμὸν
981 3221 1126 3303 φυσικόν.
1173 3223 1259 3293 Quod
1282 3222 1428 3297 proximis
1450 3223 1551 3279 verbis

273 3313 397 3370 uberius
422 3314 552 3387 exponit.
599 3313 677 3370 Illud
700 3314 793 3388 igitur
816 3314 963 3382 concedit,
989 3316 1022 3370 at
1044 3314 1137 3386 negat
1159 3312 1319 3370 discrimen
1336 3330 1404 3370 esse
1420 3311 1552 3386 positum

274 3520 404 3574 dicuntur
425 3521 615 3585 „admiranda“
638 3537 689 3574 nec
708 3521 816 3574 minore
836 3521 894 3574 iure
912 3520 985 3574 idem
1004 3520 1039 3573 de
1057 3520 1146 3589 prima
1163 3535 1193 3573 re
1212 3522 1329 3574 statuas.
1369 3518 1488 3582 ,Varro“
1502 3517 1553 3586 igi·

273 3596 320 3646 tur
344 3593 417 3646 sicut
440 3592 519 3646 velut
542 3591 697 3646 Archelaus
721 3592 805 3644 miras
830 3607 874 3644 res
899 3593 1025 3645 sectatus
1049 3594 1095 3646 est
1119 3590 1162 3660 (ci.
1188 3592 1274 3645 etiam
1299 3608 1325 3661 p.
1338 3589 1386 3654 41,
1418 3590 1513 3644 adnot.
1526 3588 1551 3656 2)

274 3680 394 3734 cumque
419 3663 531 3716 ultimas
550 3663 619 3717 duas
638 3664 714 3716 certe
733 3678 768 3716 ex
786 3661 983 3731 Theophrasto
1002 3678 1060 3716 non
1078 3661 1211 3727 hauserit,
1235 3663 1294 3716 iure
1313 3661 1433 3716 dubitari
1450 3663 1553 3730 potest,

274 3737 368 3799 utrum
387 3749 435 3788 eas
454 3735 586 3788 exiente
606 3733 728 3804 quodam
747 3733 835 3803 primo
855 3749 892 3786 an
910 3750 945 3787 ex
963 3733 1106 3802 scriptore,
1125 3732 1172 3803 qui
1190 3733 1260 3787 talia
1278 3732 1437 3801 collegerat,
1460 3747 1553 3800 sump-

273 3806 349 3860 serit.
386 3804 541 3859 Archelaus
558 3805 617 3874 ipse
636 3805 665 3858 in
684 3820 798 3859 censum
816 3805 912 3858 venire
930 3821 988 3858 non
1006 3805 1116 3858 videtur
1135 3804 1177 3872 (of.
1191 3820 1217 3874 p.
1230 3804 1282 3872 38).
1315 3804 1391 3870 Quae
1410 3803 1444 3857 de
1456 3802 1552 3856 radici-

274 3877 326 3930 bus
345 3875 460 3946 profert,
481 3875 575 3929 omnia
592 3876 666 3946 apud
685 3875 913 3946 Theophrastum
930 3876 1118 3940 inveniuntur,
1139 3875 1186 3946 qui
1204 3875 1303 3929 eadem
1320 3877 1377 3929 iam
1394 3874 1470 3944 apud
1487 3888 1551 3927 aue-

273 3951 366 4001 torem
391 3947 529 4016 quendam
552 3946 628 4016 legit,
655 3949 684 4000 et
709 3947 820 4016 quidem
844 3947 879 4002 oi.
899 3946 935 4000 ad
953 3950 1061 4016 partem
1082 3946 1096 4000 1
1116 3962 1139 4001 c.
1159 3946 1307 4016 p1.112,1,
1326 3946 1362 4000 ad
1379 3945 1398 3999 2
1415 3945 1480 3999 ibid.
1499 3943 1553 4014 52,

274 4018 310 4072 ad
328 4017 346 4072 3
364 4017 427 4072 ibid.
448 4017 502 4085 51,
520 4019 556 4071 ad
573 4017 592 4071 4
609 4017 673 4072 ibid.
693 4019 747 4086 57.
785 4018 936 4071 Praeterea
953 4017 1024 4072 3-5
1043 4019 1141 4072 eodem
1160 4017 1256 4072 ordine
1274 4017 1455 4087 proferuntur
1472 4033 1490 4069 a
1501 4015 1552 4068 Th.

275 4089 302 4142 h.
316 4088 352 4158 pl.
366 4088 412 4153 17,
422 4087 499 4142 1-2.
537 4089 613 4154 Quae
632 4089 706 4142 enim
724 4090 753 4142 in
771 4091 852 4159 parte
870 4089 887 4142 5
906 4088 1033 4158 legimus,
1052 4088 1182 4142 facillime
1202 4089 1279 4144 effici
1297 4092 1451 4158 potnerunt
1463 4103 1498 4142 ex
1510 4087 1553 4140 his

275 4158 464 4229 Theophrasti
487 4159 587 4213 verbis.
624 4159 696 4214 Eum
720 4164 815 4214 autem
839 4175 938 4213 revera
962 4176 1023 4214 esse
1047 4164 1192 4214 auctorem
1219 4159 1380 4224 ,Varronis“
1406 4174 1457 4226 pro
1476 4161 1553 4213 certo

274 4233 400 4285 statuere
425 4245 482 4283 non
509 4231 599 4284 audeo
626 4235 740 4301 propter
764 4232 792 4285 id
815 4231 915 4301 ipsum,
942 4232 1017 4302 quod
1041 4231 1093 4284 Th.
1112 4230 1185 4286 idem
1209 4231 1265 4286 iam
1289 4229 1365 4301 apud
1382 4225 1468 4283 aliurn
1485 4228 1555 4297 legit

274 4300 406 4426 quodque
423 4299 488 4354 illae
506 4302 578 4355 duae
596 4302 719 4372 reliquae
737 4317 781 4357 res
801 4319 836 4356 ex
854 4319 888 4357 eo
908 4307 983 4356 certe
1001 4318 1059 4356 non
1076 4302 1227 4358 fluxerunt.
1266 4301 1371 4356 Contra
1388 4299 1554 4370 comprobat

299 4370 502 4440 heophrastum
527 4372 572 4426 hic
597 4388 659 4428 esse
683 4374 853 4444 exscriptum
877 4374 913 4438 id,
939 4374 1014 4443 quod
1032 4389 1068 4427 ex
1086 4373 1140 4428 hac
1157 4374 1219 4444 ipsa
1237 4372 1411 4443 paragrapho
1433 4371 1551 4436 ,Varro“

221 4503 222 4508 .
274 4443 369 4511 137,5
387 4443 500 4498 nomine
518 4444 628 4499 adiecto
648 4445 790 4514 quoddam
808 4446 937 4515 sumpsit.
974 4445 986 4498 l
1037 4461 1073 4499 ue
1091 4445 1147 4499 hoc
1165 4445 1261 4515 potius
1279 4445 1398 4499 credam.

383 4515 401 4584 ²)
420 4515 503 4570 Falso
522 4515 625 4585 legitur
647 4520 726 4580 ,aut“
748 4533 798 4586 pro
820 4519 891 4580 ,et“.
929 4516 964 4571 cf.
978 4532 1000 4571 c.
1014 4515 1161 4586 p.112,1.

382 4587 400 4656 'l
420 4586 507 4642 Varro
533 4587 606 4641 hano
629 4603 730 4642 vocem
753 4589 883 4658 spectans
908 4587 1003 4657 posuit
1020 4587 1160 4642 silvestria
1178 4586 1243 4656 (ὕλη)
1261 4602 1319 4641 σου
1338 4600 1452 4656 prorsus
1469 4587 1554 4648 recte,

275 4673 339 4712 cum
357 4657 430 4712 idem
449 4659 533 4714 cadat
550 4659 629 4714 velut
646 4659 675 4712 in
692 4658 872 4713 frumentum.
