3525 5342
716 418 939 483 „57-

185 598 348 679 ὑπάρχειν,
381 597 420 661 δι’
446 599 464 660 ὃ
486 598 540 660 καὶ
569 597 626 679 τὴν
659 597 719 680 μὲν
750 597 893 679 ἄμπελον
919 599 1197 680 προαποτέμνουοι
1226 599 1360 680 ἡμέραις
1389 599 1469 680 τρισὶ

186 687 352 768 πρότερον,
376 686 467 756 ὅπως
489 692 703 768 προαπορρνῇ
727 686 761 748 τὸ
785 686 928 766 δάκρυον
942 687 996 750 καὶ
1010 685 1055 768 μὴ
1074 688 1209 768 σήπηται
1223 687 1301 769 μηδ’
1318 687 1466 769 εῧρωτιᾷ’

187 775 247 856 ῥόα
284 775 319 838 δὲ
352 775 406 838 καὶ
441 782 523 857 συκῆ
554 776 608 838 καὶ
638 775 698 838 ὅσα
729 776 851 838 τούτων
881 776 944 838 ἐστὶ
971 776 1125 858 ξηρότερα
1148 775 1236 856 παρὰ
1260 782 1377 858 χρῆμα.
1423 780 1467 837 Ne

188 885 258 925 vero
283 867 433 936 surculus,
459 868 511 943 qui
534 868 676 926 inseritur
697 868 782 925 velut
804 868 836 925 in
858 868 960 934 vitem,
986 870 1108 942 propter
1123 868 1318 942 exiguitatem
1333 868 1467 927 humoris

189 958 354 1024 exarescat,
391 958 445 1014 aut
478 957 590 1015 vulnus
621 957 728 1031 argilla
760 956 904 1014 oblinitur
931 960 986 1016 aut
1007 957 1133 1022 faciunt,
1165 959 1200 1013 ut
1223 973 1306 1031 aqua
1327 957 1407 1015 lente
1430 975 1466 1015 eo

189 1044 289 1104 stillet.
336 1045 419 1115 Quae
442 1045 633 1120 proferuntur
655 1046 703 1103 his
726 1045 826 1104 verbis
850 1045 921 1102 ibid.
945 1041 1016 1124 §ez
1039 1048 1078 1124 τῇ
1095 1042 1123 1104 d’
1140 1043 1293 1124 ἐμφντείᾳ
1308 1043 1466 1125 χρήσιμον

188 1132 227 1194 ἂν
249 1130 295 1212 μὴ
319 1129 341 1212 ᾗ
363 1129 462 1212 ὑγρὸν
484 1137 521 1213 τῇ
545 1131 656 1213 φύσει·
674 1131 714 1194 δι’
736 1132 754 1193 ὃ
770 1130 824 1194 καὶ
839 1131 944 1212 οἱμὲν
959 1131 1048 1212 αὐτῷ
1063 1130 1166 1213 πηλὸν
1187 1131 1466 1204 ἐπικολλαλνουοιν,

186 1221 219 1282 οῖ
242 1219 276 1282 δὲ
299 1219 417 1302 χύτραν
447 1220 700 1302 προσβάλλουσιν
730 1219 847 1290 ὕδατος
869 1220 952 1283 ὥστε
974 1219 1055 1282 κατὰ
1077 1218 1194 1301 μικρὸν
1216 1221 1371 1301 ἐπιρρεῖν·
1388 1221 1465 1282 ἀνα-

188 1309 363 1390 ξηραίνεται
386 1307 447 1390 γὰρ
478 1310 517 1371 ἂν
545 1309 622 1391 τύχη
645 1307 691 1390 μὴ
716 1310 788 1390 ἔχον
813 1309 970 1390 ὑγρότητα
995 1307 1104 1371 διὰτὸ
1126 1308 1266 1390 μέγεθος
1288 1315 1342 1391 τῆς
1365 1309 1466 1372 ἑλκώ-

185 1419 277 1467 ww

293 1489 365 1546 Inde
381 1490 475 1548 Varro
500 1490 605 1546 miram
629 1490 730 1547 effecit
753 1490 927 1548 doctrinam.
974 1490 1045 1546 Sine
1060 1489 1124 1546 ulla
1139 1490 1203 1547 veri
1218 1507 1316 1548 rerum
1332 1508 1465 1548 conexus

187 1578 316 1636 scientia
339 1578 465 1636 miratus
489 1581 537 1636 est
559 1579 801 1653 discrepantiam,
827 1596 906 1653 quae
929 1578 1110 1636 intercedere
1133 1579 1253 1636 videtur
1274 1579 1352 1636 inter
1373 1582 1467 1637 verba

191 1685 292 1745 „aqua
325 1667 436 1725 recenti
471 1667 564 1726 insito
599 1662 740 1724 inimioa“
778 1669 808 1724 et
841 1685 918 1747 „vas
949 1667 1073 1741 aliquod
1104 1685 1198 1742 supra
1220 1667 1356 1742 alligant,
1386 1669 1466 1726 unde

187 1756 282 1814 stillet
304 1756 384 1814 lente
408 1752 518 1831 aqua“.
565 1756 629 1813 Illic
653 1756 731 1814 enim
755 1773 836 1830 aqua
858 1773 966 1814 nocere
983 1756 1100 1823 dicitur,
1118 1756 1167 1813 hic
1182 1757 1334 1831 prodesse.
1370 1757 1466 1827 Quam

188 1862 248 1902 rem
271 1845 317 1902 ita
338 1844 443 1903 tollere
467 1845 593 1913 studuit,
626 1848 660 1902 ut
692 1845 835 1903 scriberet
862 1862 959 1920 ,quae
983 1847 1113 1903 autem
1137 1848 1249 1917 natura
1271 1845 1379 1904 minus.
1395 1849 1467 1904 sunt

187 1933 321 2002 mollia“‚
346 1934 395 1991 his
419 1951 575 2008 opponens
598 1933 699 2002 ficum,
733 1934 819 1992 cuius
844 1934 971 1992 materia
993 1951 1053 1991 non
1077 1934 1181 2002 densa,
1214 1934 1272 1992 hoc
1296 1937 1343 1992 est
1365 1935 1465 1992 mollis

187 2025 241 2080 est.
286 2021 370 2080 Haec
401 2023 491 2080 simul
522 2026 569 2080 est
600 2041 703 2091 causa,
737 2040 790 2080 cur
814 2023 908 2081 Varro
939 2040 1000 2080 non
1034 2017 1207 2102 „humida“,
1241 2023 1295 2080 sed
1320 2019 1462 2102 „mollia“

187 2112 328 2186 posuerit.
375 2111 452 2169 Illud
483 2112 562 2170 enim
592 2111 710 2186 proprie
741 2111 906 2169 desiderari
935 2111 997 2169 iam
1027 2111 1188 2170 Gentillius
1219 2112 1279 2169 ll
1310 2131 1338 2187 p.
1358 2112 1461 2180 119,1

185 2200 408 2281 animadvertit,
434 2218 617 2276 quamquam
646 2200 784 2271 ,mollia“
812 2218 849 2258 ex
873 2203 958 2275 parte
980 2203 1100 2258 tanturn
1122 2201 1236 2258 falsum
1259 2204 1315 2269 est,
1333 2218 1463 2269 cumea,

186 2306 264 2363 quae
296 2292 368 2347 sunt
396 2286 493 2367 μανά,
526 2289 596 2346 item
630 2289 692 2346 sint
721 2286 803 2366 ὑγρά
834 2289 903 2363 ipso
928 2288 1136 2365 Theophrasto
1169 2292 1300 2347 auctore.
1347 2290 1405 2358 Sic,
1430 2292 1466 2347 ut

186 2377 281 2436 Varro
313 2379 530 2436 sententiarum
562 2395 683 2436 cursum
715 2378 856 2440 instituit.
890 2378 1062 2436 necessario
1090 2378 1230 2448 ,mollia“
1258 2379 1409 2447 retinetur,
1434 2379 1465 2436 id

185 2467 267 2540 quod
291 2467 464 2525 Gentillium
487 2467 573 2541 fugit.

291 2555 434 2613 Proxima
463 2558 571 2614 verba:
607 2555 712 2626 ,cuius
744 2556 857 2614 surculi
889 2556 1029 2613 corticem
1058 2556 1206 2630 integrum
1230 2557 1412 2614 servandum
1436 2559 1465 2614 et

186 2662 254 2702 eum
278 2644 321 2702 sic
346 2645 561 2713 exacuendum,
586 2647 706 2702 utnon
730 2645 863 2704 denudes
887 2644 1057 2713 medullam,
1082 2663 1121 2704 ne
1144 2646 1332 2703 extrinsecus
1354 2645 1465 2704 imbres

185 2736 315 2791 noceant
350 2737 404 2790 aut
438 2733 549 2791 nimius
584 2734 674 2802 calor,
712 2734 819 2808 argilla
852 2734 1045 2793 oblinendum
1075 2751 1112 2792 ac
1142 2733 1218 2792 libro
1247 2734 1460 2808 obligandum“

185 2822 367 2897 respondent
389 2823 438 2880 his
462 2823 532 2880 ibid.
556 2819 628 2901 §iz
652 2819 764 2900 ὀρθῶς
788 2819 899 2883 δὲκαὶ
923 2820 1079 2902 διατηρεῖν
1103 2820 1228 2902 ἀρραγῆ
1251 2819 1314 2897 (τὸν
1338 2820 1464 2902 ὀφθαλ-

183 2906 248 2988 μὸν
270 2907 333 2987 καὶ)
356 2907 411 2970 τὸν
434 2907 547 2989 φλοιὸν
570 2907 680 2971 καὶτὸ
704 2908 824 2989 ἔνθεμα
849 2909 951 2978 οὕτως
974 2909 1133 2982 ἀποξύειν,
1157 2909 1238 2972 ὥστε
1259 2908 1305 2990 μὴ
1323 2915 1465 2990 γυμνοῦν

184 2995 240 3077 τὴν
262 2997 419 3078 μήτρανλ)
445 2997 604 3078 (ῥαγέντος
620 2995 682 3078 γὰρ
698 2999 718 3078 ἢ
736 2998 961 3079 γυμνωθείσης
983 2998 1221 3079 ἀναξηραίνεται
1243 2997 1296 3060 καὶ
1320 2998 1464 3080 διαφθεί-

184 3088 287 3165 ρεται).
323 3085 374 3148 διὰ
407 3091 499 3149 τοῦτο
531 3085 592 3166 γὰρ
622 3087 676 3149 καὶ
705 3087 868 3168 capidona
899 3087 1034 3167 φιλύρας
1063 3088 1187 3159 ἔξεοιλεν
1211 3086 1315 3168 φλοιῷ
1338 3087 1392 3149 καὶ
1415 3087 1464 3149 ἐπὶ

184 3174 304 3244 τούτοις
334 3175 570 3257 περιαλείφουσι
599 3175 693 3257 πηλῷ
725 3176 964 3257 (τετριχωμένῳ)
996 3175 1087 3244 ὅπως
1110 3175 1262 3257 (ἔμμονος
1285 3176 1304 3256 ἡ
1328 3175 1464 3256 ὑγρότης

182 3260 206 3344 ᾗ
228 3263 290 3343 καὶ)
314 3265 397 3346 μηθ’
421 3264 508 3346 ἥλιος
529 3263 611 3346 μηθ’
636 3264 727 3345 ὕδωρ
752 3265 839 3346 (μήτε
861 3263 977 3345 ψύχος)
994 3263 1176 3345 παραλυπῇ,
1201 3267 1259 3324 etsi
1274 3267 1464 3324 Varroniana

184 3372 303 3412 summa
325 3357 444 3414 tantum
467 3356 602 3414 reddunt.
887 3388 890 3393 >

297 3444 519 3502 Sententiarum
544 3462 661 3502 conexu
678 3461 802 3518 prorsus
828 3443 925 3501 deleto
950 3443 1088 3517 proxima
1111 3443 1281 3501 adnectitur
1303 3444 1463 3502 sententia:

188 3532 311 3608 „itaque
334 3533 426 3592 vitem
449 3534 550 3591 triduo
575 3537 738 3607 antequam
761 3532 898 3590 inserant
921 3533 1075 3600 desecant,
1103 3533 1213 3607 utqui
1236 3532 1268 3589 in
1291 3550 1329 3590 ea
1351 3532 1462 3590 nimius

183 3624 231 3678 est
254 3638 341 3679 umor
364 3623 488 3690 defluat,
523 3624 688 3696 antequam
711 3617 891 3680 inseratur“.
939 3621 1015 3690 Quid
1039 3621 1118 3678 enirn
1141 3621 1292 3695 particula
1318 3621 1459 3697 „itaque“

186 3709 244 3768 cibi
266 3710 348 3779 velit,
374 3729 412 3769 ex
427 3711 529 3770 verbis
542 3711 688 3769 Varronis
706 3728 765 3768 non
790 3713 925 3785 apparet,
952 3712 1057 3767 contra
1073 3710 1184 3785 optime
1200 3727 1238 3767 ex
1253 3710 1463 3784 Theophrasto

186 3796 231 3873 (cf.
256 3817 283 3872 p.
302 3799 352 3868 56,
377 3817 406 3858 v.
423 3800 466 3858 44
479 3799 543 3876 οη).
588 3800 682 3857 Varro
717 3799 809 3872 igitur
836 3798 943 3857 leviter
973 3799 1147 3857 exscribens
1182 3799 1231 3856 hio
1261 3798 1329 3873 ipso
1360 3800 1462 3857 labore

184 3904 319 3947 sonexus
350 3889 479 3946 alicuius
503 3888 682 3948 restituendi
715 3888 893 3963 supersedit,
927 3891 1020 3962 atque
1048 3889 1171 3962 insuper
1194 3905 1261 3945 eum
1283 3888 1463 3962 gravissime

183 3979 332 4034 errantem
347 3977 605 4051 deprehendimus.
645 3977 719 4035 Cum
746 3977 824 4035 enim
848 3979 1048 4035 converteret:
1073 3974 1142 4037 ὃῑὸ
1164 3973 1218 4036 καὶ
1240 3973 1297 4056 τὴν
1320 3974 1463 4055 ἄμπελον

182 4063 479 4144 προαποτέμνουσιν
494 4063 627 4145 ἡμέραις
642 4063 719 4142 τρισὶ
741 4063 896 4143 πρότερον
912 4062 1003 4132 ὅπως
1022 4068 1236 4145 προαπορρυῇ
1258 4063 1294 4126 τό
1310 4063 1462 4146 δάκρυον,

185 4170 245 4210 non
269 4154 305 4211 de
321 4155 420 4223 vinea,
445 4155 464 4214 i.
481 4173 505 4212 e.
522 4155 708 4222 Weinstock,
734 4155 814 4212 siout
835 4172 931 4212 unum
954 4157 1001 4213 est
1022 4156 1145 4223 rectum,
1172 4155 1225 4212 sed
1249 4155 1286 4212 de
1308 4155 1380 4224 vite,
1405 4155 1423 4213 i.
1437 4173 1462 4212 e.

185 4241 351 4310 Weinrebe,
366 4244 520 4318 cogitavit.
552 4244 646 4314 Quod,
665 4261 849 4318 quamquam
861 4244 937 4300 haec
952 4243 1022 4318 ipsa
1036 4246 1130 4301 verba
1144 4244 1234 4302 facile
1257 4245 1289 4302 in
1304 4246 1462 4318 utramque

183 4334 300 4405 partem
323 4332 535 4407 interpreteris,
566 4333 759 4390 manifestum
782 4332 820 4389 iit
841 4333 953 4398 verbis,
985 4332 1096 4407 quibus
1120 4334 1246 4391 alterum
1269 4334 1462 4407 praeceptum

184 4419 301 4495 incipit:
330 4424 403 4491 ,aut
425 4421 464 4479 in
488 4439 604 4497 quam
627 4422 772 4485 inserunt.
797 4422 836 4478 in
859 4439 905 4478 ea
926 4420 1019 4495 paulo
1042 4421 1130 4490 infra,
1156 4439 1246 4496 quam
1262 4421 1387 4478 insitum
1403 4423 1460 4488 est,

183 4507 330 4578 incidunt,
356 4527 418 4584 qua
440 4527 527 4568 umor
542 4509 733 4568 adventicius
757 4510 879 4568 effluere
895 4509 1025 4584 possit“.
1064 4510 1136 4568 Inde
1159 4511 1247 4578 enim,
1273 4509 1354 4585 quod
1368 4510 1462 4568 verba

291 4699 308 4768 ¹)
328 4699 362 4753 ci.
382 4715 463 4769 geop.
475 4700 501 4752 X
513 4699 556 4765 75,
566 4700 591 4756 8.
