<?xml version="1.0" encoding="UTF-8"?>
<!DOCTYPE html PUBLIC "-//W3C//DTD XHTML 1.0 Transitional//EN"
    "http://www.w3.org/TR/xhtml1/DTD/xhtml1-transitional.dtd">
<html xmlns="http://www.w3.org/1999/xhtml" xml:lang="en" lang="en">
 <head>
  <title>
</title>
<meta http-equiv="Content-Type" content="text/html;charset=utf-8" />
  <meta name='ocr-system' content='tesseract 3.04.00' />
  <meta name='ocr-capabilities' content='ocr_page ocr_carea ocr_par ocr_line ocrx_word'/>
</head>
<body>
  <div class='ocr_page' id='page_1' title='image "./devarronisrerum00hempgoog_0071.png"; bbox 0 0 3525 5342; ppageno 0'>
   <div class='ocr_carea' id='block_1_1' title="bbox 734 383 957 446">
    <p class='ocr_par' dir='ltr' id='par_1_1' title="bbox 734 383 957 446">
     <span class='ocr_line' id='line_1_1' title="bbox 734 383 957 446; baseline 0 -17"><span class='ocrx_word' id='word_1_1' title='bbox 734 383 957 446; x_wconf 73' lang='lat'>..59-</span> 
     </span>
    </p>
   </div>
   <div class='ocr_carea' id='block_1_2' title="bbox 206 561 1561 4377">
    <p class='ocr_par' dir='ltr' id='par_1_2' title="bbox 206 561 1561 1261">
     <span class='ocr_line' id='line_1_2' title="bbox 313 561 1490 642; baseline -0.001 -20"><span class='ocrx_word' id='word_1_2' title='bbox 313 565 444 622; x_wconf 85' lang='lat' dir='ltr'>Maius</span> <span class='ocrx_word' id='word_1_3' title='bbox 469 563 564 640; x_wconf 80' lang='lat' dir='ltr'>(geop.</span> <span class='ocrx_word' id='word_1_4' title='bbox 589 582 654 639; x_wconf 85' lang='lat' dir='ltr'>cap.</span> <span class='ocrx_word' id='word_1_5' title='bbox 672 565 701 642; x_wconf 82' lang='lat'>5)</span> <span class='ocrx_word' id='word_1_6' title='bbox 734 565 905 623; x_wconf 79' lang='lat' dir='ltr'>continetur</span> <span class='ocrx_word' id='word_1_7' title='bbox 934 564 1093 623; x_wconf 84' lang='lat' dir='ltr'>intervallo</span> <span class='ocrx_word' id='word_1_8' title='bbox 1124 564 1213 623; x_wconf 80' lang='lat' dir='ltr'>tertio</span> <span class='ocrx_word' id='word_1_9' title='bbox 1242 561 1276 637; x_wconf 85' lang='lat' dir='ltr'>(c.</span> <span class='ocrx_word' id='word_1_10' title='bbox 1294 562 1355 640; x_wconf 91' lang='grc'><strong>31).</strong></span> <span class='ocrx_word' id='word_1_11' title='bbox 1403 563 1490 623; x_wconf 82' lang='lat' dir='ltr'>Com-</span> 
     </span>
     <span class='ocr_line' id='line_1_3' title="bbox 207 649 1490 733; baseline -0.001 -22"><span class='ocrx_word' id='word_1_12' title='bbox 207 671 314 729; x_wconf 87' lang='lat' dir='ltr'>parare</span> <span class='ocrx_word' id='word_1_13' title='bbox 337 653 429 711; x_wconf 89' lang='lat' dir='ltr'>liceat</span> <span class='ocrx_word' id='word_1_14' title='bbox 450 650 522 733; x_wconf 73' lang='lat'>§42</span> <span class='ocrx_word' id='word_1_15' title='bbox 553 650 657 731; x_wconf 86' lang='grc' dir='ltr'><em>τούτῳ</em></span> <span class='ocrx_word' id='word_1_16' title='bbox 688 655 734 731; x_wconf 88' lang='grc' dir='ltr'><em>τῷ</em></span> <span class='ocrx_word' id='word_1_17' title='bbox 764 650 842 733; x_wconf 83' lang='grc' dir='ltr'><em>μηνὶ</em></span> <span class='ocrx_word' id='word_1_18' title='bbox 872 651 1018 714; x_wconf 84' lang='grc' dir='ltr'><em>σκάπτειν</em></span> <span class='ocrx_word' id='word_1_19' title='bbox 1048 649 1109 732; x_wconf 86' lang='grc' dir='ltr'>χρὴ</span> <span class='ocrx_word' id='word_1_20' title='bbox 1141 649 1197 720; x_wconf 86' lang='grc' dir='ltr'><em>τὰς</em></span> <span class='ocrx_word' id='word_1_21' title='bbox 1220 650 1391 732; x_wconf 78' lang='grc' dir='ltr'><em>ἀμπέλους,</em></span> <span class='ocrx_word' id='word_1_22' title='bbox 1423 671 1490 711; x_wconf 89' lang='lat' dir='ltr'>cum</span> 
     </span>
     <span class='ocr_line' id='line_1_4' title="bbox 208 737 1491 822; baseline -0.001 -22"><span class='ocrx_word' id='word_1_23' title='bbox 208 744 255 800; x_wconf 89' lang='lat' dir='ltr'>his</span> <span class='ocrx_word' id='word_1_24' title='bbox 279 743 381 801; x_wconf 86' lang='lat' dir='ltr'>verbis</span> <span class='ocrx_word' id='word_1_25' title='bbox 405 738 423 822; x_wconf 69' lang='grc' dir='ltr'>ξ</span> <span class='ocrx_word' id='word_1_26' title='bbox 443 743 476 801; x_wconf 86' lang='grc'>1;</span> <span class='ocrx_word' id='word_1_27' title='bbox 503 743 631 822; x_wconf 83' lang='lat' dir='ltr'>„vineas</span> <span class='ocrx_word' id='word_1_28' title='bbox 654 743 792 800; x_wconf 86' lang='lat' dir='ltr'>novellas</span> <span class='ocrx_word' id='word_1_29' title='bbox 815 741 917 801; x_wconf 85' lang='lat' dir='ltr'>fodere</span> <span class='ocrx_word' id='word_1_30' title='bbox 941 746 996 800; x_wconf 89' lang='lat' dir='ltr'>aut</span> <span class='ocrx_word' id='word_1_31' title='bbox 1011 760 1096 799; x_wconf 85' lang='lat' dir='ltr'>arare</span> <span class='ocrx_word' id='word_1_32' title='bbox 1120 745 1151 799; x_wconf 91' lang='lat' dir='ltr'>et</span> <span class='ocrx_word' id='word_1_33' title='bbox 1165 745 1275 816; x_wconf 85' lang='lat' dir='ltr'>postea</span> <span class='ocrx_word' id='word_1_34' title='bbox 1290 737 1426 801; x_wconf 85' lang='lat' dir='ltr'>occare“.</span> <span class='ocrx_word' id='word_1_35' title='bbox 1446 776 1491 784; x_wconf 93' lang='lat'>—</span> 
     </span>
     <span class='ocr_line' id='line_1_5' title="bbox 206 827 1492 910; baseline -0.002 -20"><span class='ocrx_word' id='word_1_36' title='bbox 206 849 291 907; x_wconf 79' lang='lat' dir='ltr'>geop.</span> <span class='ocrx_word' id='word_1_37' title='bbox 310 831 372 900; x_wconf 89' lang='grc'>6,1</span> <span class='ocrx_word' id='word_1_38' title='bbox 398 828 452 891; x_wconf 83' lang='grc' dir='ltr'><em>καὶ</em></span> <span class='ocrx_word' id='word_1_39' title='bbox 475 829 494 909; x_wconf 79' lang='grc' dir='ltr'><em>ἡ</em></span> <span class='ocrx_word' id='word_1_40' title='bbox 518 828 723 910; x_wconf 79' lang='grc' dir='ltr'><em>βλαστολογία</em></span> <span class='ocrx_word' id='word_1_41' title='bbox 748 827 783 891; x_wconf 82' lang='grc' dir='ltr'>δὲ</span> <span class='ocrx_word' id='word_1_42' title='bbox 805 833 892 891; x_wconf 88' lang='grc' dir='ltr'><em>πᾶσα</em></span> <span class='ocrx_word' id='word_1_43' title='bbox 915 828 1018 910; x_wconf 85' lang='grc' dir='ltr'><em>τούτῳ</em></span> <span class='ocrx_word' id='word_1_44' title='bbox 1040 833 1086 909; x_wconf 82' lang='grc' dir='ltr'><em>τῷ</em></span> <span class='ocrx_word' id='word_1_45' title='bbox 1108 828 1185 910; x_wconf 79' lang='grc' dir='ltr'>μην)</span> <span class='ocrx_word' id='word_1_46' title='bbox 1207 827 1437 910; x_wconf 86' lang='grc' dir='ltr'><em>πεπληρώσθω</em></span> <span class='ocrx_word' id='word_1_47' title='bbox 1460 834 1492 888; x_wconf 90' lang='lat' dir='ltr'>et</span> 
     </span>
     <span class='ocr_line' id='line_1_6' title="bbox 206 915 1489 998; baseline 0.002 -21"><span class='ocrx_word' id='word_1_48' title='bbox 206 921 240 978; x_wconf 89' lang='lat' dir='ltr'>V.</span> <span class='ocrx_word' id='word_1_49' title='bbox 265 920 335 979; x_wconf 91' lang='lat' dir='ltr'>ibid.</span> <span class='ocrx_word' id='word_1_50' title='bbox 356 920 389 978; x_wconf 89' lang='lat' dir='ltr'>l:</span> <span class='ocrx_word' id='word_1_51' title='bbox 423 919 522 998; x_wconf 80' lang='lat' dir='ltr'>„vitos</span> <span class='ocrx_word' id='word_1_52' title='bbox 550 916 750 995; x_wconf 87' lang='lat' dir='ltr'>pampinari“.</span> <span class='ocrx_word' id='word_1_53' title='bbox 774 954 816 963; x_wconf 92' lang='lat'><em>-</em></span> <span class='ocrx_word' id='word_1_54' title='bbox 841 938 926 995; x_wconf 85' lang='lat' dir='ltr'>geop.</span> <span class='ocrx_word' id='word_1_55' title='bbox 945 921 974 990; x_wconf 87' lang='lat'>5,</span> <span class='ocrx_word' id='word_1_56' title='bbox 989 920 1025 978; x_wconf 81' lang='lat'>5:</span> <span class='ocrx_word' id='word_1_57' title='bbox 1055 917 1158 998; x_wconf 85' lang='grc' dir='ltr'><em>τούτῳ</em></span> <span class='ocrx_word' id='word_1_58' title='bbox 1188 922 1235 998; x_wconf 87' lang='grc' dir='ltr'><em>τῷ</em></span> <span class='ocrx_word' id='word_1_59' title='bbox 1264 917 1342 998; x_wconf 86' lang='grc' dir='ltr'><em>μηνλ</em></span> <span class='ocrx_word' id='word_1_60' title='bbox 1370 915 1408 979; x_wconf 88' lang='grc' dir='ltr'><em>τδ</em></span> <span class='ocrx_word' id='word_1_61' title='bbox 1439 917 1489 998; x_wconf 79' lang='grc' dir='ltr'>ἐγ-</span> 
     </span>
     <span class='ocr_line' id='line_1_7' title="bbox 208 1005 1561 1088; baseline -0.003 -19"><span class='ocrx_word' id='word_1_62' title='bbox 208 1006 429 1088; x_wconf 85' lang='grc' dir='ltr'><em>κεντρισθέντα</em></span> <span class='ocrx_word' id='word_1_63' title='bbox 461 1005 578 1087; x_wconf 89' lang='grc' dir='ltr'><em>δένδρα</em></span> <span class='ocrx_word' id='word_1_64' title='bbox 610 1005 780 1075; x_wconf 85' lang='grc' dir='ltr'><em>διαπαντὸς</em></span> <span class='ocrx_word' id='word_1_65' title='bbox 811 1007 947 1087; x_wconf 81' lang='grc' dir='ltr'><em>ἑσπέρας</em></span> <span class='ocrx_word' id='word_1_66' title='bbox 969 1006 1059 1069; x_wconf 83' lang='grc' dir='ltr'><em>ὕδατι</em></span> <span class='ocrx_word' id='word_1_67' title='bbox 1082 1006 1116 1068; x_wconf 78' lang='grc' dir='ltr'>ἒν</span> <span class='ocrx_word' id='word_1_68' title='bbox 1138 1007 1280 1087; x_wconf 82' lang='grc' dir='ltr'><em>σπογγίῳ</em></span> <span class='ocrx_word' id='word_1_69' title='bbox 1303 1006 1490 1086; x_wconf 76' lang='grc' dir='ltr'><em>ἀπιρραίνειν</em></span> <span class='ocrx_word' id='word_1_70' title='bbox 1559 1059 1561 1065; x_wconf 89' lang='grc'><em>,</em></span> 
     </span>
     <span class='ocr_line' id='line_1_8' title="bbox 206 1094 1490 1178; baseline -0.002 -21"><span class='ocrx_word' id='word_1_71' title='bbox 206 1095 369 1177; x_wconf 85' lang='grc' dir='ltr'><em>προσήκει,</em></span> <span class='ocrx_word' id='word_1_72' title='bbox 394 1101 424 1155; x_wconf 93' lang='lat' dir='ltr'>et</span> <span class='ocrx_word' id='word_1_73' title='bbox 447 1094 518 1177; x_wconf 75' lang='lat'>§52</span> <span class='ocrx_word' id='word_1_74' title='bbox 544 1098 595 1178; x_wconf 81' lang='lat' dir='ltr'>„in</span> <span class='ocrx_word' id='word_1_75' title='bbox 619 1115 718 1174; x_wconf 88' lang='lat' dir='ltr'>poma,</span> <span class='ocrx_word' id='word_1_76' title='bbox 744 1116 822 1174; x_wconf 87' lang='lat' dir='ltr'>quae</span> <span class='ocrx_word' id='word_1_77' title='bbox 845 1098 941 1156; x_wconf 86' lang='lat' dir='ltr'>insita</span> <span class='ocrx_word' id='word_1_78' title='bbox 964 1100 1059 1166; x_wconf 75' lang='lat' dir='ltr'>erum,</span> <span class='ocrx_word' id='word_1_79' title='bbox 1085 1098 1274 1156; x_wconf 74' lang='lat' dir='ltr'>siccitatibus</span> <span class='ocrx_word' id='word_1_80' title='bbox 1291 1115 1404 1173; x_wconf 86' lang='lat' dir='ltr'>aquam</span> <span class='ocrx_word' id='word_1_81' title='bbox 1419 1097 1490 1155; x_wconf 88' lang='lat' dir='ltr'>addi</span> 
     </span>
     <span class='ocr_line' id='line_1_9' title="bbox 210 1181 491 1261; baseline -0.007 -16"><span class='ocrx_word' id='word_1_82' title='bbox 210 1187 320 1245; x_wconf 79' lang='lat' dir='ltr'>cotidie</span> <span class='ocrx_word' id='word_1_83' title='bbox 343 1181 491 1261; x_wconf 87' lang='lat' dir='ltr'>vesperi“.</span> 
     </span>
    </p>

    <p class='ocr_par' dir='ltr' id='par_1_3' title="bbox 207 1273 1491 2242">
     <span class='ocr_line' id='line_1_10' title="bbox 313 1273 1490 1353; baseline 0.001 -21"><span class='ocrx_word' id='word_1_84' title='bbox 313 1276 332 1332; x_wconf 86' lang='lat' dir='ltr'>J</span> <span class='ocrx_word' id='word_1_85' title='bbox 339 1277 462 1334; x_wconf 89' lang='lat' dir='ltr'>unius</span> <span class='ocrx_word' id='word_1_86' title='bbox 487 1273 562 1350; x_wconf 74' lang='lat' dir='ltr'>(cap.</span> <span class='ocrx_word' id='word_1_87' title='bbox 581 1275 610 1353; x_wconf 88' lang='grc'>6)</span> <span class='ocrx_word' id='word_1_88' title='bbox 641 1277 830 1334; x_wconf 84' lang='lat' dir='ltr'>distribuitur</span> <span class='ocrx_word' id='word_1_89' title='bbox 860 1276 892 1333; x_wconf 91' lang='lat' dir='ltr'>in</span> <span class='ocrx_word' id='word_1_90' title='bbox 922 1276 1043 1334; x_wconf 87' lang='lat' dir='ltr'>tertium</span> <span class='ocrx_word' id='word_1_91' title='bbox 1075 1279 1105 1332; x_wconf 90' lang='lat' dir='ltr'>et</span> <span class='ocrx_word' id='word_1_92' title='bbox 1136 1279 1276 1351; x_wconf 88' lang='lat' dir='ltr'>quartum</span> <span class='ocrx_word' id='word_1_93' title='bbox 1298 1275 1490 1333; x_wconf 84' lang='lat' dir='ltr'>intervallum</span> 
     </span>
     <span class='ocr_line' id='line_1_11' title="bbox 208 1360 1491 1444; baseline 0.001 -22"><span class='ocrx_word' id='word_1_94' title='bbox 208 1362 283 1439; x_wconf 76' lang='lat' dir='ltr'>(cap.</span> <span class='ocrx_word' id='word_1_95' title='bbox 302 1365 340 1423; x_wconf 89' lang='grc'>31</span> <span class='ocrx_word' id='word_1_96' title='bbox 368 1368 398 1421; x_wconf 88' lang='lat' dir='ltr'>et</span> <span class='ocrx_word' id='word_1_97' title='bbox 422 1365 482 1442; x_wconf 82' lang='lat'><strong>32).</strong></span> <span class='ocrx_word' id='word_1_98' title='bbox 529 1365 612 1422; x_wconf 86' lang='lat' dir='ltr'>Haec</span> <span class='ocrx_word' id='word_1_99' title='bbox 642 1365 781 1423; x_wconf 76' lang='lat' dir='ltr'>conferas</span> <span class='ocrx_word' id='word_1_100' title='bbox 811 1366 906 1423; x_wconf 88' lang='lat' dir='ltr'>verba</span> <span class='ocrx_word' id='word_1_101' title='bbox 928 1362 947 1444; x_wconf 63' lang='grc' dir='ltr'>ξ</span> <span class='ocrx_word' id='word_1_102' title='bbox 966 1365 1000 1426; x_wconf 87' lang='lat'>1:</span> <span class='ocrx_word' id='word_1_103' title='bbox 1030 1360 1086 1430; x_wconf 85' lang='grc' dir='ltr'><em>τὰς</em></span> <span class='ocrx_word' id='word_1_104' title='bbox 1115 1361 1491 1443; x_wconf 82' lang='grc' dir='ltr'><em>έγκεντρισθείσας</em></span> 
     </span>
     <span class='ocr_line' id='line_1_12' title="bbox 207 1449 1491 1532; baseline 0 -20"><span class='ocrx_word' id='word_1_105' title='bbox 207 1450 370 1532; x_wconf 77' lang='grc' dir='ltr'><em>ἀμπέλους</em></span> <span class='ocrx_word' id='word_1_106' title='bbox 405 1450 455 1513; x_wconf 90' lang='grc' dir='ltr'><em>δεῖ</em></span> <span class='ocrx_word' id='word_1_107' title='bbox 483 1451 704 1530; x_wconf 86' lang='grc' dir='ltr'><em>περισκάπτειν</em></span> <span class='ocrx_word' id='word_1_108' title='bbox 737 1449 802 1532; x_wconf 87' lang='grc' dir='ltr'>πρὸ</span> <span class='ocrx_word' id='word_1_109' title='bbox 833 1450 937 1523; x_wconf 83' lang='grc' dir='ltr'><em>εἰδῶν,</em></span> <span class='ocrx_word' id='word_1_110' title='bbox 968 1452 997 1513; x_wconf 86' lang='grc' dir='ltr'><em>εί</em></span> <span class='ocrx_word' id='word_1_111' title='bbox 1026 1450 1170 1523; x_wconf 78' lang='grc' dir='ltr'><em>δυνατόν,</em></span> <span class='ocrx_word' id='word_1_112' title='bbox 1202 1451 1238 1512; x_wconf 82' lang='grc' dir='ltr'>ἐκ</span> <span class='ocrx_word' id='word_1_113' title='bbox 1265 1449 1413 1532; x_wconf 72' lang='grc' dir='ltr'><em>δευτέρου</em></span> <span class='ocrx_word' id='word_1_114' title='bbox 1437 1451 1491 1512; x_wconf 83' lang='grc' dir='ltr'><em>καὶ</em></span> 
     </span>
     <span class='ocr_line' id='line_1_13' title="bbox 208 1538 1490 1622; baseline -0.001 -22"><span class='ocrx_word' id='word_1_115' title='bbox 208 1540 320 1618; x_wconf 83' lang='grc' dir='ltr'>τρίτου,Ι</span> <span class='ocrx_word' id='word_1_116' title='bbox 344 1539 545 1621; x_wconf 79' lang='grc' dir='ltr'><em>ἀρξαμένους</em></span> <span class='ocrx_word' id='word_1_117' title='bbox 568 1539 632 1620; x_wconf 87' lang='grc' dir='ltr'>πρὸ</span> <span class='ocrx_word' id='word_1_118' title='bbox 655 1540 750 1602; x_wconf 82' lang='grc' dir='ltr'><em>εἰδῶν</em></span> <span class='ocrx_word' id='word_1_119' title='bbox 773 1538 902 1612; x_wconf 83' lang='grc' dir='ltr'><em>Μαίων,</em></span> <span class='ocrx_word' id='word_1_120' title='bbox 924 1542 1056 1600; x_wconf 87' lang='lat' dir='ltr'>cumbis</span> <span class='ocrx_word' id='word_1_121' title='bbox 1073 1542 1124 1610; x_wconf 85' lang='lat'>32,</span> <span class='ocrx_word' id='word_1_122' title='bbox 1140 1543 1177 1604; x_wconf 90' lang='lat'>2:</span> <span class='ocrx_word' id='word_1_123' title='bbox 1204 1543 1330 1622; x_wconf 84' lang='lat' dir='ltr'>„vineas</span> <span class='ocrx_word' id='word_1_124' title='bbox 1346 1545 1490 1600; x_wconf 87' lang='lat' dir='ltr'>veteres</span> 
     </span>
     <span class='ocr_line' id='line_1_14' title="bbox 208 1629 1491 1708; baseline 0 -20"><span class='ocrx_word' id='word_1_125' title='bbox 208 1632 315 1689; x_wconf 88' lang='lat' dir='ltr'>iterum</span> <span class='ocrx_word' id='word_1_126' title='bbox 348 1648 453 1688; x_wconf 87' lang='lat' dir='ltr'>occare</span> <span class='ocrx_word' id='word_1_127' title='bbox 486 1629 532 1705; x_wconf 88' lang='grc' dir='ltr'>)σ1.</span> <span class='ocrx_word' id='word_1_128' title='bbox 561 1649 646 1706; x_wconf 85' lang='lat' dir='ltr'>geop.</span> <span class='ocrx_word' id='word_1_129' title='bbox 671 1631 711 1688; x_wconf 91' lang='lat' dir='ltr'>III</span> <span class='ocrx_word' id='word_1_130' title='bbox 731 1632 779 1700; x_wconf 88' lang='lat'>10,</span> <span class='ocrx_word' id='word_1_131' title='bbox 796 1631 834 1708; x_wconf 88' lang='grc'>2),</span> <span class='ocrx_word' id='word_1_132' title='bbox 871 1631 1067 1689; x_wconf 87' lang='lat' dir='ltr'>novellas</span> <span class='ocrx_word' id='word_1_133' title='bbox 1102 1631 1194 1688; x_wconf 86' lang='lat' dir='ltr'>etiam</span> <span class='ocrx_word' id='word_1_134' title='bbox 1227 1632 1327 1698; x_wconf 77' lang='lat' dir='ltr'>tertio,</span> <span class='ocrx_word' id='word_1_135' title='bbox 1361 1631 1388 1688; x_wconf 88' lang='lat' dir='ltr'>si</span> <span class='ocrx_word' id='word_1_136' title='bbox 1419 1633 1491 1688; x_wconf 89' lang='lat' dir='ltr'>sunt</span> 
     </span>
     <span class='ocr_line' id='line_1_15' title="bbox 209 1716 1490 1795; baseline 0.001 -18"><span class='ocrx_word' id='word_1_137' title='bbox 209 1721 299 1778; x_wconf 87' lang='lat' dir='ltr'>etiam</span> <span class='ocrx_word' id='word_1_138' title='bbox 322 1722 387 1777; x_wconf 89' lang='lat' dir='ltr'>tum</span> <span class='ocrx_word' id='word_1_139' title='bbox 409 1716 566 1794; x_wconf 83' lang='lat' dir='ltr'>glaebae“.</span> <span class='ocrx_word' id='word_1_140' title='bbox 592 1753 634 1762; x_wconf 89' lang='lat'>—</span> <span class='ocrx_word' id='word_1_141' title='bbox 657 1721 825 1778; x_wconf 88' lang='lat' dir='ltr'>Discrimen</span> <span class='ocrx_word' id='word_1_142' title='bbox 848 1721 879 1778; x_wconf 91' lang='lat' dir='ltr'>in</span> <span class='ocrx_word' id='word_1_143' title='bbox 903 1738 939 1778; x_wconf 95' lang='lat' dir='ltr'>eo</span> <span class='ocrx_word' id='word_1_144' title='bbox 963 1723 1019 1788; x_wconf 83' lang='lat' dir='ltr'>est,</span> <span class='ocrx_word' id='word_1_145' title='bbox 1045 1720 1127 1795; x_wconf 93' lang='lat' dir='ltr'>quod</span> <span class='ocrx_word' id='word_1_146' title='bbox 1142 1720 1236 1777; x_wconf 88' lang='lat' dir='ltr'>Varro</span> <span class='ocrx_word' id='word_1_147' title='bbox 1259 1720 1335 1778; x_wconf 84' lang='lat' dir='ltr'>hacc</span> <span class='ocrx_word' id='word_1_148' title='bbox 1359 1720 1428 1777; x_wconf 89' lang='lat' dir='ltr'>inde</span> <span class='ocrx_word' id='word_1_149' title='bbox 1451 1722 1490 1778; x_wconf 88' lang='lat' dir='ltr'>ab</span> 
     </span>
     <span class='ocr_line' id='line_1_16' title="bbox 209 1808 1489 1884; baseline 0 -18"><span class='ocrx_word' id='word_1_150' title='bbox 209 1827 235 1866; x_wconf 87' lang='lat' dir='ltr'>a.</span> <span class='ocrx_word' id='word_1_151' title='bbox 260 1809 287 1866; x_wconf 90' lang='lat' dir='ltr'>d.</span> <span class='ocrx_word' id='word_1_152' title='bbox 310 1809 358 1866; x_wconf 90' lang='lat' dir='ltr'>XI.</span> <span class='ocrx_word' id='word_1_153' title='bbox 382 1808 448 1870; x_wconf 87' lang='lat' dir='ltr'>Kal.</span> <span class='ocrx_word' id='word_1_154' title='bbox 471 1808 530 1866; x_wconf 85' lang='lat' dir='ltr'>Jul.</span> <span class='ocrx_word' id='word_1_155' title='bbox 562 1809 703 1866; x_wconf 79' lang='lat' dir='ltr'>iacienda</span> <span class='ocrx_word' id='word_1_156' title='bbox 733 1827 802 1867; x_wconf 85' lang='lat' dir='ltr'>esso</span> <span class='ocrx_word' id='word_1_157' title='bbox 833 1809 929 1878; x_wconf 88' lang='lat' dir='ltr'>docet,</span> <span class='ocrx_word' id='word_1_158' title='bbox 963 1827 1031 1866; x_wconf 92' lang='lat' dir='ltr'>cum</span> <span class='ocrx_word' id='word_1_159' title='bbox 1053 1809 1242 1884; x_wconf 85' lang='lat' dir='ltr'>geoponicon</span> <span class='ocrx_word' id='word_1_160' title='bbox 1265 1811 1372 1866; x_wconf 81' lang='lat' dir='ltr'>auctor</span> <span class='ocrx_word' id='word_1_161' title='bbox 1394 1809 1489 1866; x_wconf 93' lang='lat' dir='ltr'>multo</span> 
     </span>
     <span class='ocr_line' id='line_1_17' title="bbox 209 1893 1491 1977; baseline 0.001 -23"><span class='ocrx_word' id='word_1_162' title='bbox 209 1898 292 1972; x_wconf 86' lang='lat' dir='ltr'>prius</span> <span class='ocrx_word' id='word_1_163' title='bbox 324 1916 361 1955; x_wconf 86' lang='lat' dir='ltr'>ea</span> <span class='ocrx_word' id='word_1_164' title='bbox 391 1898 456 1955; x_wconf 82' lang='lat' dir='ltr'>ficri</span> <span class='ocrx_word' id='word_1_165' title='bbox 487 1898 569 1956; x_wconf 83' lang='lat' dir='ltr'>velit</span> <span class='ocrx_word' id='word_1_166' title='bbox 593 1931 635 1939; x_wconf 89' lang='lat'>—</span> <span class='ocrx_word' id='word_1_167' title='bbox 664 1915 750 1973; x_wconf 83' lang='lat' dir='ltr'>geop.</span> <span class='ocrx_word' id='word_1_168' title='bbox 768 1898 794 1954; x_wconf 94' lang='lat' dir='ltr'>V</span> <span class='ocrx_word' id='word_1_169' title='bbox 811 1898 862 1965; x_wconf 86' lang='lat'>28,</span> <span class='ocrx_word' id='word_1_170' title='bbox 878 1898 915 1960; x_wconf 90' lang='lat'>2:</span> <span class='ocrx_word' id='word_1_171' title='bbox 944 1894 1163 1977; x_wconf 81' lang='grc' dir='ltr'><em>βλαστολογεῖν</em></span> <span class='ocrx_word' id='word_1_172' title='bbox 1194 1894 1229 1956; x_wconf 80' lang='grc' dir='ltr'>δὲ</span> <span class='ocrx_word' id='word_1_173' title='bbox 1258 1894 1320 1976; x_wconf 84' lang='grc' dir='ltr'>χρὴ</span> <span class='ocrx_word' id='word_1_174' title='bbox 1353 1893 1404 1956; x_wconf 88' lang='grc' dir='ltr'><em>διὰ</em></span> <span class='ocrx_word' id='word_1_175' title='bbox 1435 1901 1491 1976; x_wconf 87' lang='grc' dir='ltr'><em>τῆς</em></span> 
     </span>
     <span class='ocr_line' id='line_1_18' title="bbox 208 1982 1491 2066; baseline -0.001 -20"><span class='ocrx_word' id='word_1_176' title='bbox 208 1982 313 2065; x_wconf 87' lang='grc' dir='ltr'><em>χειρδς</em></span> <span class='ocrx_word' id='word_1_177' title='bbox 341 1983 479 2056; x_wconf 82' lang='grc' dir='ltr'><em>ἀλύπως,</em></span> <span class='ocrx_word' id='word_1_178' title='bbox 510 1990 580 2066; x_wconf 87' lang='grc' dir='ltr'><em>τῆς</em></span> <span class='ocrx_word' id='word_1_179' title='bbox 611 1983 653 2047; x_wconf 83' lang='grc' dir='ltr'>δὲ</span> <span class='ocrx_word' id='word_1_180' title='bbox 684 1985 810 2066; x_wconf 84' lang='grc' dir='ltr'><em>αὐτῆς</em></span> <span class='ocrx_word' id='word_1_181' title='bbox 841 1983 1063 2065; x_wconf 79' lang='grc' dir='ltr'><em>ἐμπειρίας</em></span> <span class='ocrx_word' id='word_1_182' title='bbox 1091 1983 1153 2046; x_wconf 76' lang='grc' dir='ltr'><em>ἐστὶ</em></span> <span class='ocrx_word' id='word_1_183' title='bbox 1174 1983 1228 2045; x_wconf 80' lang='grc' dir='ltr'><em>καὶ</em></span> <span class='ocrx_word' id='word_1_184' title='bbox 1250 1982 1413 2046; x_wconf 84' lang='grc' dir='ltr'><em>κλαδειίειν</em></span> <span class='ocrx_word' id='word_1_185' title='bbox 1436 1983 1491 2045; x_wconf 81' lang='grc' dir='ltr'><em>καὶ</em></span> 
     </span>
     <span class='ocr_line' id='line_1_19' title="bbox 208 2072 1490 2156; baseline -0.002 -22"><span class='ocrx_word' id='word_1_186' title='bbox 208 2072 436 2154; x_wconf 83' lang='grc' dir='ltr'><em>βλαστσλογεῖν,</em></span> <span class='ocrx_word' id='word_1_187' title='bbox 472 2078 503 2133; x_wconf 90' lang='lat' dir='ltr'>et</span> <span class='ocrx_word' id='word_1_188' title='bbox 524 2075 559 2133; x_wconf 91' lang='lat' dir='ltr'>V.</span> <span class='ocrx_word' id='word_1_189' title='bbox 578 2076 629 2142; x_wconf 87' lang='lat'>31,</span> <span class='ocrx_word' id='word_1_190' title='bbox 647 2077 682 2138; x_wconf 90' lang='lat' dir='ltr'>l:</span> <span class='ocrx_word' id='word_1_191' title='bbox 720 2076 819 2156; x_wconf 85' lang='lat' dir='ltr'>„vitos</span> <span class='ocrx_word' id='word_1_192' title='bbox 850 2076 1032 2154; x_wconf 75' lang='lat' dir='ltr'>pampinari,</span> <span class='ocrx_word' id='word_1_193' title='bbox 1069 2075 1123 2133; x_wconf 85' lang='lat' dir='ltr'>sed</span> <span class='ocrx_word' id='word_1_194' title='bbox 1153 2094 1173 2132; x_wconf 87' lang='lat' dir='ltr'>a</span> <span class='ocrx_word' id='word_1_195' title='bbox 1205 2075 1320 2133; x_wconf 84' lang='lat' dir='ltr'>sciente</span> <span class='ocrx_word' id='word_1_196' title='bbox 1351 2073 1431 2149; x_wconf 73' lang='lat' dir='ltr'>(nam</span> <span class='ocrx_word' id='word_1_197' title='bbox 1459 2075 1490 2132; x_wconf 90' lang='lat' dir='ltr'>id</span> 
     </span>
     <span class='ocr_line' id='line_1_20' title="bbox 211 2165 602 2242; baseline 0 -20"><span class='ocrx_word' id='word_1_198' title='bbox 211 2183 301 2239; x_wconf 90' lang='lat' dir='ltr'>quam</span> <span class='ocrx_word' id='word_1_199' title='bbox 324 2167 431 2239; x_wconf 88' lang='lat' dir='ltr'>putare</span> <span class='ocrx_word' id='word_1_200' title='bbox 454 2165 602 2242; x_wconf 76' lang='lat' dir='ltr'>maius).</span> 
     </span>
    </p>

    <p class='ocr_par' dir='ltr' id='par_1_4' title="bbox 208 2242 1491 2684">
     <span class='ocr_line' id='line_1_21' title="bbox 313 2242 1490 2331; baseline 0 -21"><span class='ocrx_word' id='word_1_201' title='bbox 313 2253 452 2311; x_wconf 85' lang='lat' dir='ltr'>dulius</span> <span class='ocrx_word' id='word_1_202' title='bbox 491 2258 525 2328; x_wconf 89' lang='grc' dir='ltr'>)ο.</span> <span class='ocrx_word' id='word_1_203' title='bbox 550 2253 599 2331; x_wconf 90' lang='grc'>10)</span> <span class='ocrx_word' id='word_1_204' title='bbox 640 2255 811 2311; x_wconf 88' lang='lat' dir='ltr'>continetur</span> <span class='ocrx_word' id='word_1_205' title='bbox 849 2256 958 2329; x_wconf 87' lang='lat' dir='ltr'>quarto</span> <span class='ocrx_word' id='word_1_206' title='bbox 997 2253 1157 2311; x_wconf 84' lang='lat' dir='ltr'>intervallo</span> <span class='ocrx_word' id='word_1_207' title='bbox 1194 2251 1269 2328; x_wconf 83' lang='lat' dir='ltr'>(cap.</span> <span class='ocrx_word' id='word_1_208' title='bbox 1287 2251 1347 2330; x_wconf 89' lang='grc'><strong>32).</strong></span> <span class='ocrx_word' id='word_1_209' title='bbox 1400 2242 1490 2327; x_wconf 84' lang='lat' dir='ltr'>Apud</span> 
     </span>
     <span class='ocr_line' id='line_1_22' title="bbox 208 2337 1490 2422; baseline 0.002 -24"><span class='ocrx_word' id='word_1_210' title='bbox 208 2342 373 2400; x_wconf 84' lang='lat' dir='ltr'>Varronem</span> <span class='ocrx_word' id='word_1_211' title='bbox 397 2342 494 2400; x_wconf 90' lang='lat' dir='ltr'>simile</span> <span class='ocrx_word' id='word_1_212' title='bbox 517 2361 578 2400; x_wconf 91' lang='lat' dir='ltr'>non</span> <span class='ocrx_word' id='word_1_213' title='bbox 602 2346 650 2400; x_wconf 87' lang='lat' dir='ltr'>est</span> <span class='ocrx_word' id='word_1_214' title='bbox 673 2344 791 2417; x_wconf 88' lang='lat' dir='ltr'>praeter</span> <span class='ocrx_word' id='word_1_215' title='bbox 813 2343 889 2400; x_wconf 88' lang='lat' dir='ltr'>baec</span> <span class='ocrx_word' id='word_1_216' title='bbox 912 2339 984 2422; x_wconf 73' lang='lat'>§61</span> <span class='ocrx_word' id='word_1_217' title='bbox 1015 2340 1057 2402; x_wconf 81' lang='grc' dir='ltr'>ἔτι</span> <span class='ocrx_word' id='word_1_218' title='bbox 1089 2338 1142 2401; x_wconf 83' lang='grc' dir='ltr'><em>καλ</em></span> <span class='ocrx_word' id='word_1_219' title='bbox 1175 2338 1337 2421; x_wconf 72' lang='grc' dir='ltr'><em>φυλλάδος</em></span> <span class='ocrx_word' id='word_1_220' title='bbox 1367 2340 1412 2408; x_wconf 89' lang='grc' dir='ltr'><em>είς</em></span> <span class='ocrx_word' id='word_1_221' title='bbox 1433 2337 1490 2420; x_wconf 80' lang='grc' dir='ltr'><em>τὴν</em></span> 
     </span>
     <span class='ocr_line' id='line_1_23' title="bbox 210 2427 1491 2511; baseline -0.002 -22"><span class='ocrx_word' id='word_1_222' title='bbox 210 2433 273 2490; x_wconf 86' lang='grc' dir='ltr'><em>τῶν</em></span> <span class='ocrx_word' id='word_1_223' title='bbox 296 2429 513 2510; x_wconf 81' lang='grc' dir='ltr'><em>βοσκημάτων</em></span> <span class='ocrx_word' id='word_1_224' title='bbox 536 2428 721 2511; x_wconf 80' lang='grc' dir='ltr'><em>ἀνατροφὴν</em></span> <span class='ocrx_word' id='word_1_225' title='bbox 743 2429 864 2510; x_wconf 84' lang='grc' dir='ltr'><em>τέμνειν</em></span> <span class='ocrx_word' id='word_1_226' title='bbox 887 2429 1044 2511; x_wconf 84' lang='grc' dir='ltr'><em>χρήσιμον</em></span> <span class='ocrx_word' id='word_1_227' title='bbox 1066 2428 1120 2491; x_wconf 84' lang='grc' dir='ltr'><em>καλ</em></span> <span class='ocrx_word' id='word_1_228' title='bbox 1143 2427 1361 2501; x_wconf 80' lang='grc' dir='ltr'><em>ἀποτίθεσθαι,</em></span> <span class='ocrx_word' id='word_1_229' title='bbox 1384 2448 1491 2505; x_wconf 91' lang='lat' dir='ltr'>nempe</span> 
     </span>
     <span class='ocr_line' id='line_1_24' title="bbox 210 2516 1490 2600; baseline 0 -23"><span class='ocrx_word' id='word_1_230' title='bbox 210 2521 258 2578; x_wconf 90' lang='lat' dir='ltr'>bis</span> <span class='ocrx_word' id='word_1_231' title='bbox 287 2537 311 2577; x_wconf 85' lang='lat' dir='ltr'>c.</span> <span class='ocrx_word' id='word_1_232' title='bbox 329 2521 387 2578; x_wconf 87' lang='lat'>33:</span> <span class='ocrx_word' id='word_1_233' title='bbox 425 2521 581 2600; x_wconf 81' lang='lat' dir='ltr'>„frondem</span> <span class='ocrx_word' id='word_1_234' title='bbox 615 2516 750 2589; x_wconf 75' lang='lat' dir='ltr'>caedi“‚*</span> <span class='ocrx_word' id='word_1_235' title='bbox 786 2538 878 2596; x_wconf 88' lang='lat' dir='ltr'>quam</span> <span class='ocrx_word' id='word_1_236' title='bbox 912 2538 975 2578; x_wconf 90' lang='lat' dir='ltr'>rem</span> <span class='ocrx_word' id='word_1_237' title='bbox 1008 2521 1101 2594; x_wconf 83' lang='lat' dir='ltr'>igitur</span> <span class='ocrx_word' id='word_1_238' title='bbox 1134 2537 1237 2578; x_wconf 90' lang='lat' dir='ltr'>mense</span> <span class='ocrx_word' id='word_1_239' title='bbox 1266 2520 1406 2594; x_wconf 84' lang='lat' dir='ltr'>Augusto</span> <span class='ocrx_word' id='word_1_240' title='bbox 1440 2519 1490 2577; x_wconf 88' lang='lat' dir='ltr'>vel</span> 
     </span>
     <span class='ocr_line' id='line_1_25' title="bbox 210 2609 868 2684; baseline 0 -18"><span class='ocrx_word' id='word_1_241' title='bbox 210 2609 375 2684; x_wconf 77' lang='lat' dir='ltr'>Septembri</span> <span class='ocrx_word' id='word_1_242' title='bbox 398 2609 464 2667; x_wconf 85' lang='lat' dir='ltr'>fieri</span> <span class='ocrx_word' id='word_1_243' title='bbox 486 2609 561 2667; x_wconf 89' lang='lat' dir='ltr'>vult.</span> <span class='ocrx_word' id='word_1_244' title='bbox 586 2610 622 2667; x_wconf 86' lang='lat' dir='ltr'>ci.</span> <span class='ocrx_word' id='word_1_245' title='bbox 640 2609 700 2667; x_wconf 81' lang='lat'>001.</span> <span class='ocrx_word' id='word_1_246' title='bbox 716 2609 757 2666; x_wconf 90' lang='lat' dir='ltr'>XI</span> <span class='ocrx_word' id='word_1_247' title='bbox 772 2610 802 2676; x_wconf 87' lang='lat'>2,</span> <span class='ocrx_word' id='word_1_248' title='bbox 818 2609 868 2668; x_wconf 82' lang='lat'>55.</span> 
     </span>
    </p>

    <p class='ocr_par' dir='ltr' id='par_1_5' title="bbox 210 2695 1490 3044">
     <span class='ocr_line' id='line_1_26' title="bbox 314 2695 1490 2775; baseline 0 -20"><span class='ocrx_word' id='word_1_249' title='bbox 314 2699 526 2772; x_wconf 85' lang='lat' dir='ltr'>Augustus</span> <span class='ocrx_word' id='word_1_250' title='bbox 551 2700 584 2774; x_wconf 88' lang='grc' dir='ltr'>)ο.</span> <span class='ocrx_word' id='word_1_251' title='bbox 605 2698 655 2774; x_wconf 95' lang='grc'>11)</span> <span class='ocrx_word' id='word_1_252' title='bbox 679 2700 760 2756; x_wconf 89' lang='lat' dir='ltr'>inest</span> <span class='ocrx_word' id='word_1_253' title='bbox 781 2699 813 2755; x_wconf 92' lang='lat' dir='ltr'>in</span> <span class='ocrx_word' id='word_1_254' title='bbox 835 2699 998 2757; x_wconf 88' lang='lat' dir='ltr'>intervallo</span> <span class='ocrx_word' id='word_1_255' title='bbox 1022 2698 1128 2773; x_wconf 91' lang='lat' dir='ltr'>quinto</span> <span class='ocrx_word' id='word_1_256' title='bbox 1150 2695 1225 2773; x_wconf 84' lang='lat' dir='ltr'>(cap.</span> <span class='ocrx_word' id='word_1_257' title='bbox 1244 2697 1304 2775; x_wconf 84' lang='lat'><strong>33).</strong></span> <span class='ocrx_word' id='word_1_258' title='bbox 1350 2698 1490 2773; x_wconf 88' lang='lat' dir='ltr'>Respon-</span> 
     </span>
     <span class='ocr_line' id='line_1_27' title="bbox 210 2783 1490 2866; baseline 0.002 -23"><span class='ocrx_word' id='word_1_259' title='bbox 210 2787 281 2845; x_wconf 85' lang='lat' dir='ltr'>dent</span> <span class='ocrx_word' id='word_1_260' title='bbox 311 2787 369 2845; x_wconf 88' lang='lat' dir='ltr'>sibi</span> <span class='ocrx_word' id='word_1_261' title='bbox 400 2783 454 2866; x_wconf 74' lang='lat'>§7</span> <span class='ocrx_word' id='word_1_262' title='bbox 465 2809 471 2849; x_wconf 91' lang='lat'>:</span> <span class='ocrx_word' id='word_1_263' title='bbox 502 2792 549 2865; x_wconf 76' lang='grc' dir='ltr'><em>τῷ</em></span> <span class='ocrx_word' id='word_1_264' title='bbox 581 2784 615 2847; x_wconf 80' lang='grc' dir='ltr'>δὲ</span> <span class='ocrx_word' id='word_1_265' title='bbox 646 2785 734 2847; x_wconf 73' lang='grc' dir='ltr'><em>αι’ττῶ</em></span> <span class='ocrx_word' id='word_1_266' title='bbox 764 2784 842 2866; x_wconf 82' lang='grc' dir='ltr'><em>μηνὶ</em></span> <span class='ocrx_word' id='word_1_267' title='bbox 871 2785 926 2847; x_wconf 81' lang='grc' dir='ltr'><em>καὶ</em></span> <span class='ocrx_word' id='word_1_268' title='bbox 953 2783 990 2846; x_wconf 88' lang='grc' dir='ltr'><em>τὰ</em></span> <span class='ocrx_word' id='word_1_269' title='bbox 1014 2784 1153 2847; x_wconf 77' lang='grc' dir='ltr'><em>εἰωθότα</em></span> <span class='ocrx_word' id='word_1_270' title='bbox 1176 2783 1362 2866; x_wconf 84' lang='grc' dir='ltr'><em>χορτοφόρα</em></span> <span class='ocrx_word' id='word_1_271' title='bbox 1385 2784 1490 2866; x_wconf 85' lang='grc' dir='ltr'><em>χωρία</em></span> 
     </span>
     <span class='ocr_line' id='line_1_28' title="bbox 210 2871 1490 2955; baseline 0.002 -21"><span class='ocrx_word' id='word_1_272' title='bbox 210 2871 401 2953; x_wconf 74' lang='grc' dir='ltr'><em>ἀρδεύεσθαι</em></span> <span class='ocrx_word' id='word_1_273' title='bbox 430 2872 636 2955; x_wconf 88' lang='grc' dir='ltr'><em>ἀρδεύσομεν,</em></span> <span class='ocrx_word' id='word_1_274' title='bbox 667 2873 722 2935; x_wconf 84' lang='grc' dir='ltr'><em>καὶ</em></span> <span class='ocrx_word' id='word_1_275' title='bbox 745 2874 780 2936; x_wconf 78' lang='grc' dir='ltr'>ἐκ</span> <span class='ocrx_word' id='word_1_276' title='bbox 805 2872 954 2954; x_wconf 87' lang='grc' dir='ltr'><em>δευτέρου</em></span> <span class='ocrx_word' id='word_1_277' title='bbox 977 2879 1134 2955; x_wconf 75' lang='grc' dir='ltr'><em>τεμοῦμεν</em></span> <span class='ocrx_word' id='word_1_278' title='bbox 1157 2874 1263 2955; x_wconf 82' lang='grc' dir='ltr'><em>πτέριν</em></span> <span class='ocrx_word' id='word_1_279' title='bbox 1285 2873 1339 2935; x_wconf 82' lang='grc' dir='ltr'><em>καὶ</em></span> <span class='ocrx_word' id='word_1_280' title='bbox 1362 2879 1490 2953; x_wconf 88' lang='grc' dir='ltr'><em>σχοῖνον</em></span> 
     </span>
     <span class='ocr_line' id='line_1_29' title="bbox 210 2961 1489 3044; baseline -0.001 -21"><span class='ocrx_word' id='word_1_281' title='bbox 210 2961 263 3024; x_wconf 84' lang='grc' dir='ltr'><em>καὶ</em></span> <span class='ocrx_word' id='word_1_282' title='bbox 286 2961 432 3042; x_wconf 81' lang='grc' dir='ltr'><em>κάλαμον</em></span> <span class='ocrx_word' id='word_1_283' title='bbox 455 2962 508 3024; x_wconf 83' lang='grc' dir='ltr'><em>καὶ</em></span> <span class='ocrx_word' id='word_1_284' title='bbox 530 2962 701 3044; x_wconf 79' lang='grc' dir='ltr'><em>βοιίτομσν,</em></span> <span class='ocrx_word' id='word_1_285' title='bbox 726 2969 755 3023; x_wconf 90' lang='lat' dir='ltr'>et</span> <span class='ocrx_word' id='word_1_286' title='bbox 779 2964 814 3025; x_wconf 92' lang='lat' dir='ltr'>V.</span> <span class='ocrx_word' id='word_1_287' title='bbox 830 2966 915 3028; x_wconf 87' lang='lat' dir='ltr'>ibid:</span> <span class='ocrx_word' id='word_1_288' title='bbox 942 2968 1051 3040; x_wconf 84' lang='lat' dir='ltr'>„prata</span> <span class='ocrx_word' id='word_1_289' title='bbox 1073 2965 1191 3039; x_wconf 86' lang='lat' dir='ltr'>inrigua</span> <span class='ocrx_word' id='word_1_290' title='bbox 1213 2965 1322 3023; x_wconf 90' lang='lat' dir='ltr'>iterum</span> <span class='ocrx_word' id='word_1_291' title='bbox 1346 2962 1489 3023; x_wconf 77' lang='lat' dir='ltr'>secari“.*</span> 
     </span>
    </p>

    <p class='ocr_par' dir='ltr' id='par_1_6' title="bbox 209 3052 1490 3934">
     <span class='ocr_line' id='line_1_30' title="bbox 317 3052 1490 3130; baseline -0.002 -19"><span class='ocrx_word' id='word_1_292' title='bbox 317 3054 569 3128; x_wconf 87' lang='lat' dir='ltr'>Septembris</span> <span class='ocrx_word' id='word_1_293' title='bbox 594 3052 670 3130; x_wconf 82' lang='lat' dir='ltr'>(cap.</span> <span class='ocrx_word' id='word_1_294' title='bbox 690 3052 740 3130; x_wconf 89' lang='grc'>12)</span> <span class='ocrx_word' id='word_1_295' title='bbox 764 3055 860 3112; x_wconf 89' lang='lat' dir='ltr'>maior</span> <span class='ocrx_word' id='word_1_296' title='bbox 883 3073 956 3128; x_wconf 88' lang='lat' dir='ltr'>pars</span> <span class='ocrx_word' id='word_1_297' title='bbox 980 3055 1019 3111; x_wconf 95' lang='lat' dir='ltr'>ad</span> <span class='ocrx_word' id='word_1_298' title='bbox 1043 3055 1181 3129; x_wconf 88' lang='lat' dir='ltr'>quintum</span> <span class='ocrx_word' id='word_1_299' title='bbox 1206 3052 1281 3130; x_wconf 82' lang='lat' dir='ltr'>(cap.</span> <span class='ocrx_word' id='word_1_300' title='bbox 1299 3053 1361 3125; x_wconf 85' lang='grc'><strong>33),</strong></span> <span class='ocrx_word' id='word_1_301' title='bbox 1394 3054 1490 3110; x_wconf 90' lang='lat' dir='ltr'>minor</span> 
     </span>
     <span class='ocr_line' id='line_1_31' title="bbox 210 3137 1489 3221; baseline 0.001 -22"><span class='ocrx_word' id='word_1_302' title='bbox 210 3142 248 3199; x_wconf 90' lang='lat' dir='ltr'>ad</span> <span class='ocrx_word' id='word_1_303' title='bbox 272 3144 392 3199; x_wconf 85' lang='lat' dir='ltr'>sextum</span> <span class='ocrx_word' id='word_1_304' title='bbox 415 3142 609 3200; x_wconf 87' lang='lat' dir='ltr'>intervallum</span> <span class='ocrx_word' id='word_1_305' title='bbox 632 3140 667 3218; x_wconf 91' lang='grc' dir='ltr'>)ο.</span> <span class='ocrx_word' id='word_1_306' title='bbox 686 3142 739 3221; x_wconf 87' lang='grc'>34)</span> <span class='ocrx_word' id='word_1_307' title='bbox 763 3143 900 3218; x_wconf 90' lang='lat' dir='ltr'>pertinet.</span> <span class='ocrx_word' id='word_1_308' title='bbox 946 3143 1085 3217; x_wconf 79' lang='lat' dir='ltr'>Legimus</span> <span class='ocrx_word' id='word_1_309' title='bbox 1109 3138 1181 3221; x_wconf 80' lang='lat' dir='ltr'>§4z</span> <span class='ocrx_word' id='word_1_310' title='bbox 1205 3140 1278 3220; x_wconf 83' lang='grc' dir='ltr'><em>ἄχρι</em></span> <span class='ocrx_word' id='word_1_311' title='bbox 1301 3137 1337 3202; x_wconf 80' lang='grc' dir='ltr'>δὲ</span> <span class='ocrx_word' id='word_1_312' title='bbox 1355 3145 1410 3220; x_wconf 86' lang='grc' dir='ltr'><em>τῆς</em></span> <span class='ocrx_word' id='word_1_313' title='bbox 1424 3137 1489 3219; x_wconf 86' lang='grc' dir='ltr'>πρὸ</span> 
     </span>
     <span class='ocr_line' id='line_1_32' title="bbox 211 3226 1489 3311; baseline -0.001 -21"><span class='ocrx_word' id='word_1_314' title='bbox 211 3228 236 3298; x_wconf 80' lang='grc' dir='ltr'>ς’</span> <span class='ocrx_word' id='word_1_315' title='bbox 260 3228 429 3291; x_wconf 86' lang='grc' dir='ltr'><em>καλανδῶν</em></span> <span class='ocrx_word' id='word_1_316' title='bbox 451 3227 660 3311; x_wconf 74' lang='grc' dir='ltr'><em>Ὀκτωβρίων</em></span> <span class='ocrx_word' id='word_1_317' title='bbox 682 3229 717 3291; x_wconf 88' lang='grc' dir='ltr'><em>τὸ</em></span> <span class='ocrx_word' id='word_1_318' title='bbox 741 3230 877 3308; x_wconf 87' lang='grc' dir='ltr'><em>σπείρειν</em></span> <span class='ocrx_word' id='word_1_319' title='bbox 900 3228 1087 3309; x_wconf 82' lang='grc' dir='ltr'><em>ἐπισφαλές·</em></span> <span class='ocrx_word' id='word_1_320' title='bbox 1103 3229 1143 3290; x_wconf 83' lang='grc' dir='ltr'>ἀν</span> <span class='ocrx_word' id='word_1_321' title='bbox 1159 3226 1220 3308; x_wconf 82' lang='grc' dir='ltr'>γὰρ</span> <span class='ocrx_word' id='word_1_322' title='bbox 1236 3227 1356 3309; x_wconf 81' lang='grc' dir='ltr'><em>αὐχμοὶ</em></span> <span class='ocrx_word' id='word_1_323' title='bbox 1371 3227 1489 3290; x_wconf 76' lang='grc' dir='ltr'><em>ἐπακο-</em></span> 
     </span>
     <span class='ocr_line' id='line_1_33' title="bbox 209 3315 1489 3400; baseline 0 -21"><span class='ocrx_word' id='word_1_324' title='bbox 209 3315 403 3398; x_wconf 83' lang='grc' dir='ltr'><em>λουθήσωσι,</em></span> <span class='ocrx_word' id='word_1_325' title='bbox 436 3317 650 3400; x_wconf 75' lang='grc' dir='ltr'><em>διαφθείρεται</em></span> <span class='ocrx_word' id='word_1_326' title='bbox 679 3317 716 3379; x_wconf 86' lang='grc' dir='ltr'><em>τὰ</em></span> <span class='ocrx_word' id='word_1_327' title='bbox 747 3319 920 3399; x_wconf 87' lang='grc' dir='ltr'><em>σπέρματα.</em></span> <span class='ocrx_word' id='word_1_328' title='bbox 976 3319 1078 3377; x_wconf 90' lang='lat' dir='ltr'>Simile</span> <span class='ocrx_word' id='word_1_329' title='bbox 1110 3319 1231 3376; x_wconf 85' lang='lat' dir='ltr'>exbibet</span> <span class='ocrx_word' id='word_1_330' title='bbox 1258 3319 1353 3376; x_wconf 90' lang='lat' dir='ltr'>Varro</span> <span class='ocrx_word' id='word_1_331' title='bbox 1386 3319 1437 3387; x_wconf 90' lang='grc'>34,</span> <span class='ocrx_word' id='word_1_332' title='bbox 1454 3319 1489 3380; x_wconf 90' lang='lat' dir='ltr'>l:</span> 
     </span>
     <span class='ocr_line' id='line_1_34' title="bbox 212 3407 1487 3487; baseline -0.002 -21"><span class='ocrx_word' id='word_1_333' title='bbox 212 3426 329 3487; x_wconf 83' lang='lat' dir='ltr'>„neque</span> <span class='ocrx_word' id='word_1_334' title='bbox 359 3412 430 3466; x_wconf 87' lang='lat' dir='ltr'>ante</span> <span class='ocrx_word' id='word_1_335' title='bbox 462 3410 687 3484; x_wconf 87' lang='lat' dir='ltr'>aequinoctium</span> <span class='ocrx_word' id='word_1_336' title='bbox 717 3409 810 3483; x_wconf 90' lang='lat' dir='ltr'>incipi</span> <span class='ocrx_word' id='word_1_337' title='bbox 841 3407 915 3483; x_wconf 78' lang='lat' dir='ltr'>(scii</span> <span class='ocrx_word' id='word_1_338' title='bbox 940 3409 1048 3486; x_wconf 76' lang='lat' dir='ltr'>serere)</span> <span class='ocrx_word' id='word_1_339' title='bbox 1082 3410 1219 3483; x_wconf 86' lang='lat' dir='ltr'>oportere</span> <span class='ocrx_word' id='word_1_340' title='bbox 1243 3409 1362 3483; x_wconf 88' lang='lat' dir='ltr'>putant,</span> <span class='ocrx_word' id='word_1_341' title='bbox 1397 3409 1487 3483; x_wconf 90' lang='lat' dir='ltr'>quod,</span> 
     </span>
     <span class='ocr_line' id='line_1_35' title="bbox 210 3496 1489 3574; baseline 0 -20"><span class='ocrx_word' id='word_1_342' title='bbox 210 3498 237 3555; x_wconf 86' lang='lat' dir='ltr'>si</span> <span class='ocrx_word' id='word_1_343' title='bbox 267 3497 367 3556; x_wconf 88' lang='lat' dir='ltr'>minus</span> <span class='ocrx_word' id='word_1_344' title='bbox 398 3498 524 3556; x_wconf 81' lang='lat' dir='ltr'>idoneae</span> <span class='ocrx_word' id='word_1_345' title='bbox 547 3500 745 3574; x_wconf 84' lang='lat' dir='ltr'>tempestates</span> <span class='ocrx_word' id='word_1_346' title='bbox 770 3498 832 3556; x_wconf 89' lang='lat' dir='ltr'>sint</span> <span class='ocrx_word' id='word_1_347' title='bbox 855 3499 1047 3564; x_wconf 85' lang='lat' dir='ltr'>consecutae,</span> <span class='ocrx_word' id='word_1_348' title='bbox 1073 3498 1244 3572; x_wconf 89' lang='lat' dir='ltr'>putrescere</span> <span class='ocrx_word' id='word_1_349' title='bbox 1268 3496 1385 3554; x_wconf 87' lang='lat' dir='ltr'>semina</span> <span class='ocrx_word' id='word_1_350' title='bbox 1408 3497 1489 3554; x_wconf 92' lang='lat' dir='ltr'>sole-</span> 
     </span>
     <span class='ocr_line' id='line_1_36' title="bbox 210 3583 1489 3662; baseline -0.001 -18"><span class='ocrx_word' id='word_1_351' title='bbox 210 3583 310 3644; x_wconf 82' lang='lat' dir='ltr'>ant“.*</span> <span class='ocrx_word' id='word_1_352' title='bbox 325 3619 370 3628; x_wconf 92' lang='lat'><em>-</em></span> <span class='ocrx_word' id='word_1_353' title='bbox 384 3587 485 3645; x_wconf 89' lang='lat' dir='ltr'>Verba</span> <span class='ocrx_word' id='word_1_354' title='bbox 500 3589 626 3662; x_wconf 87' lang='lat' dir='ltr'>excepto</span> <span class='ocrx_word' id='word_1_355' title='bbox 650 3605 695 3654; x_wconf 84' lang='lat' dir='ltr'>eo,</span> <span class='ocrx_word' id='word_1_356' title='bbox 722 3587 802 3661; x_wconf 92' lang='lat' dir='ltr'>quod</span> <span class='ocrx_word' id='word_1_357' title='bbox 818 3586 963 3661; x_wconf 85' lang='lat' dir='ltr'>temporis</span> <span class='ocrx_word' id='word_1_358' title='bbox 979 3589 1124 3661; x_wconf 89' lang='lat' dir='ltr'>punctum</span> <span class='ocrx_word' id='word_1_359' title='bbox 1141 3586 1180 3643; x_wconf 89' lang='lat' dir='ltr'>ab</span> <span class='ocrx_word' id='word_1_360' title='bbox 1197 3588 1327 3660; x_wconf 90' lang='lat' dir='ltr'>utroque</span> <span class='ocrx_word' id='word_1_361' title='bbox 1342 3585 1489 3660; x_wconf 85' lang='lat' dir='ltr'>scriptore</span> 
     </span>
     <span class='ocr_line' id='line_1_37' title="bbox 211 3675 1489 3750; baseline -0.001 -18"><span class='ocrx_word' id='word_1_362' title='bbox 211 3676 362 3750; x_wconf 87' lang='lat' dir='ltr'>prolatum</span> <span class='ocrx_word' id='word_1_363' title='bbox 397 3693 459 3733; x_wconf 89' lang='lat' dir='ltr'>non</span> <span class='ocrx_word' id='word_1_364' title='bbox 494 3678 541 3733; x_wconf 86' lang='lat' dir='ltr'>est</span> <span class='ocrx_word' id='word_1_365' title='bbox 574 3676 661 3744; x_wconf 88' lang='lat' dir='ltr'>idem,</span> <span class='ocrx_word' id='word_1_366' title='bbox 699 3676 852 3733; x_wconf 84' lang='lat' dir='ltr'>simillima</span> <span class='ocrx_word' id='word_1_367' title='bbox 883 3678 964 3734; x_wconf 88' lang='lat' dir='ltr'>sunt.</span> <span class='ocrx_word' id='word_1_368' title='bbox 1009 3675 1176 3732; x_wconf 83' lang='lat' dir='ltr'>Varronem</span> <span class='ocrx_word' id='word_1_369' title='bbox 1207 3677 1309 3732; x_wconf 87' lang='lat' dir='ltr'>autem</span> <span class='ocrx_word' id='word_1_370' title='bbox 1336 3690 1397 3731; x_wconf 92' lang='lat' dir='ltr'>non</span> <span class='ocrx_word' id='word_1_371' title='bbox 1421 3692 1489 3731; x_wconf 89' lang='lat' dir='ltr'>esse</span> 
     </span>
     <span class='ocr_line' id='line_1_38' title="bbox 210 3757 1486 3842; baseline -0.001 -21"><span class='ocrx_word' id='word_1_372' title='bbox 210 3764 398 3840; x_wconf 83' lang='lat' dir='ltr'>geoponicon</span> <span class='ocrx_word' id='word_1_373' title='bbox 432 3764 547 3823; x_wconf 86' lang='lat' dir='ltr'>iontem</span> <span class='ocrx_word' id='word_1_374' title='bbox 581 3765 631 3823; x_wconf 88' lang='lat' dir='ltr'>vel</span> <span class='ocrx_word' id='word_1_375' title='bbox 665 3783 701 3823; x_wconf 90' lang='lat' dir='ltr'>eo</span> <span class='ocrx_word' id='word_1_376' title='bbox 737 3765 942 3832; x_wconf 84' lang='lat' dir='ltr'>confirmatur,</span> <span class='ocrx_word' id='word_1_377' title='bbox 978 3765 1059 3840; x_wconf 94' lang='lat' dir='ltr'>quod</span> <span class='ocrx_word' id='word_1_378' title='bbox 1090 3781 1127 3822; x_wconf 83' lang='lat' dir='ltr'>ex</span> <span class='ocrx_word' id='word_1_379' title='bbox 1157 3765 1250 3822; x_wconf 88' lang='lat' dir='ltr'>verbo</span> <span class='ocrx_word' id='word_1_380' title='bbox 1276 3757 1486 3842; x_wconf 84' lang='lat' dir='ltr'>„putrescere“</span> 
     </span>
     <span class='ocr_line' id='line_1_39' title="bbox 210 3848 1391 3934; baseline -0.001 -24"><span class='ocrx_word' id='word_1_381' title='bbox 210 3854 313 3928; x_wconf 88' lang='lat' dir='ltr'>potius</span> <span class='ocrx_word' id='word_1_382' title='bbox 338 3854 521 3911; x_wconf 91' lang='lat' dir='ltr'>contrarium</span> <span class='ocrx_word' id='word_1_383' title='bbox 545 3856 637 3929; x_wconf 87' lang='lat' dir='ltr'>atque</span> <span class='ocrx_word' id='word_1_384' title='bbox 663 3848 824 3934; x_wconf 59' lang='lat' dir='ltr'>„cuppoffl</span> <span class='ocrx_word' id='word_1_385' title='bbox 851 3851 1052 3930; x_wconf 83' lang='lat' dir='ltr'>concludas‚¹)</span> <span class='ocrx_word' id='word_1_386' title='bbox 1077 3853 1192 3910; x_wconf 86' lang='lat' dir='ltr'>scilicet</span> <span class='ocrx_word' id='word_1_387' title='bbox 1218 3851 1391 3927; x_wconf 56' lang='lat' dir='ltr'>„pluvisset</span> 
     </span>
    </p>

    <p class='ocr_par' dir='ltr' id='par_1_7' title="bbox 209 3939 1490 4377">
     <span class='ocr_line' id='line_1_40' title="bbox 301 3939 1489 4018; baseline -0.001 -19"><span class='ocrx_word' id='word_1_388' title='bbox 301 3942 473 4001; x_wconf 90' lang='lat' dir='ltr'>October</span> <span class='ocrx_word' id='word_1_389' title='bbox 506 3940 581 4017; x_wconf 74' lang='lat' dir='ltr'>(cap.</span> <span class='ocrx_word' id='word_1_390' title='bbox 602 3939 652 4018; x_wconf 88' lang='grc'>13)</span> <span class='ocrx_word' id='word_1_391' title='bbox 684 3943 854 4001; x_wconf 87' lang='lat' dir='ltr'>continetur</span> <span class='ocrx_word' id='word_1_392' title='bbox 884 3945 973 4000; x_wconf 85' lang='lat' dir='ltr'>sexto</span> <span class='ocrx_word' id='word_1_393' title='bbox 1003 3941 1164 4000; x_wconf 83' lang='lat' dir='ltr'>intervallo</span> <span class='ocrx_word' id='word_1_394' title='bbox 1196 3939 1270 4018; x_wconf 79' lang='lat' dir='ltr'>(cap.</span> <span class='ocrx_word' id='word_1_395' title='bbox 1288 3940 1348 4016; x_wconf 88' lang='grc'><strong>34).</strong></span> <span class='ocrx_word' id='word_1_396' title='bbox 1399 3941 1489 4016; x_wconf 94' lang='lat' dir='ltr'>Apud</span> 
     </span>
     <span class='ocr_line' id='line_1_41' title="bbox 211 4029 1488 4106; baseline -0.001 -19"><span class='ocrx_word' id='word_1_397' title='bbox 211 4033 371 4105; x_wconf 88' lang='lat' dir='ltr'>utrumque</span> <span class='ocrx_word' id='word_1_398' title='bbox 403 4031 578 4105; x_wconf 86' lang='lat' dir='ltr'>scriptorem</span> <span class='ocrx_word' id='word_1_399' title='bbox 609 4031 737 4105; x_wconf 78' lang='lat' dir='ltr'>legimus</span> <span class='ocrx_word' id='word_1_400' title='bbox 768 4031 868 4089; x_wconf 88' lang='lat' dir='ltr'>verbis</span> <span class='ocrx_word' id='word_1_401' title='bbox 899 4048 1024 4106; x_wconf 87' lang='lat' dir='ltr'>prorsus</span> <span class='ocrx_word' id='word_1_402' title='bbox 1056 4030 1184 4088; x_wconf 84' lang='lat' dir='ltr'>diversis</span> <span class='ocrx_word' id='word_1_403' title='bbox 1215 4029 1398 4088; x_wconf 83' lang='lat' dir='ltr'>vindemiam</span> <span class='ocrx_word' id='word_1_404' title='bbox 1421 4048 1488 4088; x_wconf 87' lang='lat' dir='ltr'>esse</span> 
     </span>
     <span class='ocr_line' id='line_1_42' title="bbox 209 4115 1490 4198; baseline 0.002 -22"><span class='ocrx_word' id='word_1_405' title='bbox 209 4119 387 4177; x_wconf 84' lang='lat' dir='ltr'>faciendam.</span> <span class='ocrx_word' id='word_1_406' title='bbox 432 4120 530 4192; x_wconf 83' lang='lat' dir='ltr'>Magis</span> <span class='ocrx_word' id='word_1_407' title='bbox 555 4138 656 4178; x_wconf 87' lang='lat' dir='ltr'>secum</span> <span class='ocrx_word' id='word_1_408' title='bbox 680 4122 851 4194; x_wconf 78' lang='lat' dir='ltr'>congruunt</span> <span class='ocrx_word' id='word_1_409' title='bbox 873 4116 944 4198; x_wconf 77' lang='lat'>§2:</span> <span class='ocrx_word' id='word_1_410' title='bbox 976 4116 1078 4197; x_wconf 86' lang='grc' dir='ltr'><em>τούτῳ</em></span> <span class='ocrx_word' id='word_1_411' title='bbox 1110 4116 1144 4179; x_wconf 80' lang='grc' dir='ltr'>δὲ</span> <span class='ocrx_word' id='word_1_412' title='bbox 1166 4123 1213 4197; x_wconf 76' lang='grc' dir='ltr'><em>τῷ</em></span> <span class='ocrx_word' id='word_1_413' title='bbox 1234 4115 1311 4198; x_wconf 77' lang='grc' dir='ltr'><em>μηνὶ</em></span> <span class='ocrx_word' id='word_1_414' title='bbox 1332 4115 1411 4197; x_wconf 84' lang='grc' dir='ltr'><em>μετὰ</em></span> <span class='ocrx_word' id='word_1_415' title='bbox 1433 4115 1490 4197; x_wconf 84' lang='grc' dir='ltr'><em>τὴν</em></span> 
     </span>
     <span class='ocr_line' id='line_1_43' title="bbox 211 4204 1489 4288; baseline -0.002 -21"><span class='ocrx_word' id='word_1_416' title='bbox 211 4205 374 4286; x_wconf 82' lang='grc' dir='ltr'><em>ἰσημερίαν</em></span> <span class='ocrx_word' id='word_1_417' title='bbox 396 4205 465 4268; x_wconf 84' lang='grc' dir='ltr'><em>καλ</em></span> <span class='ocrx_word' id='word_1_418' title='bbox 487 4204 583 4276; x_wconf 84' lang='grc' dir='ltr'><em>τοὺς</em></span> <span class='ocrx_word' id='word_1_419' title='bbox 605 4205 800 4287; x_wconf 87' lang='grc' dir='ltr'><em>πρώτους</em></span> <span class='ocrx_word' id='word_1_420' title='bbox 824 4206 1016 4288; x_wconf 79' lang='grc' dir='ltr'><em>ὄμβρους</em></span> <span class='ocrx_word' id='word_1_421' title='bbox 1039 4204 1117 4274; x_wconf 80' lang='grc' dir='ltr'><em>τινὲς</em></span> <span class='ocrx_word' id='word_1_422' title='bbox 1140 4205 1311 4287; x_wconf 82' lang='grc' dir='ltr'><em>φυτεύουσι</em></span> <span class='ocrx_word' id='word_1_423' title='bbox 1325 4205 1420 4287; x_wconf 76' lang='grc' dir='ltr'><em>μέχρι</em></span> <span class='ocrx_word' id='word_1_424' title='bbox 1434 4209 1489 4286; x_wconf 84' lang='grc' dir='ltr'><em>τῆς</em></span> 
     </span>
     <span class='ocr_line' id='line_1_44' title="bbox 209 4293 1490 4377; baseline -0.002 -22"><span class='ocrx_word' id='word_1_425' title='bbox 209 4297 274 4356; x_wconf 88' lang='grc' dir='ltr'><em>τῶν</em></span> <span class='ocrx_word' id='word_1_426' title='bbox 295 4293 455 4357; x_wconf 87' lang='grc' dir='ltr'><em>πλειάδων</em></span> <span class='ocrx_word' id='word_1_427' title='bbox 479 4293 611 4367; x_wconf 77' lang='grc' dir='ltr'><em>δύσεως,</em></span> <span class='ocrx_word' id='word_1_428' title='bbox 635 4299 665 4355; x_wconf 88' lang='lat' dir='ltr'>et</span> <span class='ocrx_word' id='word_1_429' title='bbox 686 4297 722 4355; x_wconf 89' lang='lat' dir='ltr'>V.</span> <span class='ocrx_word' id='word_1_430' title='bbox 740 4297 791 4366; x_wconf 83' lang='lat'>34,</span> <span class='ocrx_word' id='word_1_431' title='bbox 807 4297 843 4360; x_wconf 81' lang='lat'>2:</span> <span class='ocrx_word' id='word_1_432' title='bbox 877 4298 974 4377; x_wconf 83' lang='lat' dir='ltr'>„inter</span> <span class='ocrx_word' id='word_1_433' title='bbox 1004 4296 1229 4372; x_wconf 85' lang='lat' dir='ltr'>aequinoctium</span> <span class='ocrx_word' id='word_1_434' title='bbox 1260 4295 1436 4355; x_wconf 87' lang='lat' dir='ltr'>autumnale</span> <span class='ocrx_word' id='word_1_435' title='bbox 1459 4299 1490 4352; x_wconf 88' lang='lat' dir='ltr'>et</span> 
     </span>
    </p>
   </div>
   <div class='ocr_carea' id='block_1_3' title="bbox 210 4520 1489 4730">
    <p class='ocr_par' dir='ltr' id='par_1_8' title="bbox 210 4520 1489 4730">
     <span class='ocr_line' id='line_1_45' title="bbox 318 4520 1489 4593; baseline -0.003 -16"><span class='ocrx_word' id='word_1_436' title='bbox 318 4523 337 4591; x_wconf 78' lang='grc'>1)</span> <span class='ocrx_word' id='word_1_437' title='bbox 355 4523 444 4577; x_wconf 88' lang='lat' dir='ltr'>Varro</span> <span class='ocrx_word' id='word_1_438' title='bbox 464 4522 563 4577; x_wconf 85' lang='lat' dir='ltr'>saltem</span> <span class='ocrx_word' id='word_1_439' title='bbox 582 4527 741 4593; x_wconf 90' lang='lat' dir='ltr'>putrescere</span> <span class='ocrx_word' id='word_1_440' title='bbox 759 4523 821 4588; x_wconf 83' lang='lat'>115,</span> <span class='ocrx_word' id='word_1_441' title='bbox 834 4523 867 4577; x_wconf 85' lang='grc'>16</span> <span class='ocrx_word' id='word_1_442' title='bbox 886 4523 921 4577; x_wconf 91' lang='lat' dir='ltr'>de</span> <span class='ocrx_word' id='word_1_443' title='bbox 938 4522 1050 4592; x_wconf 79' lang='lat' dir='ltr'>ungulis</span> <span class='ocrx_word' id='word_1_444' title='bbox 1068 4524 1191 4592; x_wconf 85' lang='lat' dir='ltr'>usurpat,</span> <span class='ocrx_word' id='word_1_445' title='bbox 1217 4538 1289 4592; x_wconf 87' lang='lat' dir='ltr'>quae</span> <span class='ocrx_word' id='word_1_446' title='bbox 1307 4520 1411 4590; x_wconf 78' lang='lat' dir='ltr'>uligine</span> <span class='ocrx_word' id='word_1_447' title='bbox 1428 4521 1489 4574; x_wconf 83' lang='lat' dir='ltr'>ioe-</span> 
     </span>
     <span class='ocr_line' id='line_1_46' title="bbox 210 4591 1488 4730; baseline -0.002 -81"><span class='ocrx_word' id='word_1_448' title='bbox 210 4591 387 4730; x_wconf 52' lang='lat' dir='ltr'>gigpessfiguqt,</span> <span class='ocrx_word' id='word_1_449' title='bbox 407 4610 440 4649; x_wconf 81' lang='lat' dir='ltr'>ac</span> <span class='ocrx_word' id='word_1_450' title='bbox 458 4594 584 4648; x_wconf 82' lang='lat' dir='ltr'>similiter</span> <span class='ocrx_word' id='word_1_451' title='bbox 602 4610 646 4649; x_wconf 86' lang='lat' dir='ltr'>res</span> <span class='ocrx_word' id='word_1_452' title='bbox 669 4610 700 4648; x_wconf 88' lang='lat' dir='ltr'>se</span> <span class='ocrx_word' id='word_1_453' title='bbox 719 4592 805 4649; x_wconf 81' lang='lat' dir='ltr'>babet</span> <span class='ocrx_word' id='word_1_454' title='bbox 818 4594 830 4647; x_wconf 96' lang='lat' dir='ltr'>l</span> <span class='ocrx_word' id='word_1_455' title='bbox 841 4593 866 4659; x_wconf 81' lang='lat'>8,</span> <span class='ocrx_word' id='word_1_456' title='bbox 876 4593 902 4648; x_wconf 91' lang='lat'>4.</span> <span class='ocrx_word' id='word_1_457' title='bbox 921 4592 986 4650; x_wconf 87' lang='lat' dir='ltr'>ibid.</span> <span class='ocrx_word' id='word_1_458' title='bbox 998 4594 1041 4656; x_wconf 79' lang='lat'>41,</span> <span class='ocrx_word' id='word_1_459' title='bbox 1054 4593 1077 4648; x_wconf 91' lang='lat' dir='ltr'>l.</span> <span class='ocrx_word' id='word_1_460' title='bbox 1096 4593 1132 4649; x_wconf 84' lang='lat' dir='ltr'>of.</span> <span class='ocrx_word' id='word_1_461' title='bbox 1145 4594 1181 4647; x_wconf 84' lang='lat' dir='ltr'>ad</span> <span class='ocrx_word' id='word_1_462' title='bbox 1193 4592 1221 4647; x_wconf 91' lang='lat' dir='ltr'>b.</span> <span class='ocrx_word' id='word_1_463' title='bbox 1233 4593 1251 4647; x_wconf 90' lang='lat' dir='ltr'>l.</span> <span class='ocrx_word' id='word_1_464' title='bbox 1264 4607 1346 4662; x_wconf 83' lang='lat' dir='ltr'>geop.</span> <span class='ocrx_word' id='word_1_465' title='bbox 1359 4591 1397 4645; x_wconf 91' lang='lat'>111</span> <span class='ocrx_word' id='word_1_466' title='bbox 1411 4593 1451 4656; x_wconf 89' lang='grc'>13,</span> <span class='ocrx_word' id='word_1_467' title='bbox 1461 4592 1488 4646; x_wconf 84' lang='grc'>9.</span> 
     </span>
    </p>
   </div>
   <div class='ocr_carea' id='block_1_4' title="bbox 0 0 1771 5342">
    <p class='ocr_par' dir='ltr' id='par_1_9' title="bbox 0 0 1771 5342">
     <span class='ocr_line' id='line_1_47' title="bbox 0 0 1771 5342; baseline 0 0"><span class='ocrx_word' id='word_1_468' title='bbox 0 0 1771 5342; x_wconf 95' lang='lat' dir='ltr'> </span> 
     </span>
    </p>
   </div>
  </div>
 </body>
</html>
