3525 5342
825 398 1049 463 ..pg-

297 581 417 640 torihus
442 581 563 639 omnino
587 597 648 640 non
672 598 834 656 expressus
858 591 928 639 esse
950 581 1072 640 videtur
1094 578 1142 658 (oi.
1164 598 1193 656 p.
1211 580 1252 638 76
1276 579 1381 638 adnot
1396 580 1436 644 4).
1483 579 1577 640 Immo

296 669 328 728 id
350 671 460 745 ipsum,
492 670 575 745 quod
605 670 687 728 sicut
716 669 799 745 apud
822 669 987 729 Varronem
1016 672 1206 728 tmoenarum
1228 669 1442 744 amphorarum
1464 670 1578 728 mentio

297 759 343 828 lit,
369 759 503 817 ostendit
526 755 753 835 columellem1)
777 757 968 834 geoponioon
991 759 1185 834 interpretem
1207 759 1341 817 hicnon
1362 758 1470 816 luisse.

403 847 467 906 lam
490 850 588 906 restat
610 847 720 905 tertius
743 847 839 916 locus,
865 864 927 922 qno
942 847 975 904 in
989 847 1165 923 geoponicis
1180 847 1278 905 Varro
1294 847 1472 906 nominatim
1487 846 1577 905 laud·

296 939 374 1000 atur.
401 936 517 995 seilicet
538 954 625 1011 geop.
641 935 695 993 XV
707 936 736 1004 2,
748 935 798 994 nl.
836 935 880 994 Ibi
903 939 1012 995 auctor
1035 937 1157 1012 quidam
1178 937 1214 994 de
1230 936 1365 1011 hugonis
1380 953 1475 1011 egeus
1491 935 1577 994 dicit:

295 1023 351 1085 καὶ
373 1021 573 1105 Δημόκριτος
603 1022 658 1084 καὶ
688 1021 812 1103 Βάρων
842 1022 876 1085 ἐν
907 1020 1049 1104 Purgato
1078 1022 1206 1104 γλώσσῃ
1237 1022 1272 1085 ἐν
1302 1023 1384 1103 οἴκῳ
1414 1021 1493 1104 φασι
1514 1020 1577 1104 χρὴ

295 1111 464 1185 ποιεῖσθαι,
495 1111 574 1192 ὅπερ
606 1110 668 1174 ἔστι
697 1111 752 1173 καὶ
784 1111 924 1193 ἄμεινον.
969 1113 1067 1172 Varro
1097 1116 1201 1172 autem
1231 1130 1330 1190 neque
1353 1113 1456 1182 115‚5
1479 1131 1578 1190 neque

297 1203 337 1262 111
357 1203 438 1272 16,4
462 1203 498 1261 de
521 1202 589 1261 loco
612 1203 723 1261 idoneo
746 1202 842 1261 ullum
864 1202 941 1261 iacit
963 1205 1097 1261 verbum
1136 1203 1297 1261 Praeterea
1316 1206 1472 1261 auctorem
1487 1203 1579 1261 ailert

296 1292 486 1361 Archelaum,
520 1294 628 1349 eontra
658 1309 696 1349 ex
725 1291 902 1367 geoponicis
934 1291 1113 1360 efficeretur,
1145 1294 1182 1349 nt
1210 1291 1401 1350 Democritus
1431 1291 1577 1350 Varronis

297 1383 405 1440 auctor
434 1377 560 1458 lueritl)
607 1380 773 1438 Columella
795 1380 938 1449 1x14,s
969 1381 1049 1439 idem
1079 1398 1117 1438 ac
1146 1380 1335 1456 geoponicon
1365 1383 1474 1439 auctor
1496 1381 1578 1456 apud

297 1469 428 1536 celsum,
462 1469 514 1544 qui
545 1472 625 1526 certe
648 1469 788 1528 Cassium
810 1469 993 1544 Dionysium
1023 1465 1188 1546 noverat,⁸)
1218 1469 1330 1544 legisse
1360 1468 1489 1538 videtur,
1522 1470 1577 1527 sed

296 1558 446 1616 rationem
468 1558 577 1633 ipsam,
611 1575 674 1633 qua
697 1575 770 1633 apes
795 1575 832 1616 ex
854 1561 960 1617 ventre
983 1558 1098 1618 bubulo
1121 1558 1208 1626 fiant,
1234 1575 1295 1616 non
1319 1558 1463 1633 exposuit
1488 1575 1578 1638 „eon-

297 1647 433 1705 sentiens
458 1646 554 1715 Celso,
587 1647 640 1722 qui
672 1647 905 1722 prudentissime
936 1647 995 1716 ait,
1028 1664 1089 1704 non
1119 1650 1208 1705 tanto
1231 1647 1355 1705 interitu
1377 1664 1471 1721 pecus
1494 1647 1578 1704 istud

297 1733 355 1811 (sp.
372 1735 456 1812 apes)
481 1735 589 1804 amitti,
614 1739 651 1793 ut
673 1736 718 1794 sie
742 1734 770 1812 (i.
787 1753 811 1794 e.
827 1738 915 1794 teuto
939 1730 1049 1818 pretio)
1071 1736 1283 1811 requirendum
1300 1735 1371 1794 sit‘.
1410 1736 1494 1806 Quae
1509 1753 1579 1794 cum

297 1824 343 1882 ita
365 1825 435 1894 sint,
460 1841 558 1900 neque
582 1842 620 1882 ex
635 1823 769 1884 Varrone
792 1842 891 1900 neque
913 1843 951 1885 ex
971 1824 1138 1884 Columella
1159 1825 1350 1900 geoponicon
1372 1827 1481 1882 auctor
1501 1825 1579 1882 haec

298 1913 418 1972 haurire
441 1913 550 1988 potuit,
576 1914 630 1971 sed
645 1913 729 1972 haud
745 1914 834 1972 dubie
858 1915 986 1972 eundem
1008 1914 1124 1972 fontem
1140 1913 1225 1982 adiit,
1248 1914 1300 1989 qui
1316 1916 1396 1971 teste
1412 1913 1579 1971 Columella

296 2020 337 2060 ea
360 2003 530 2070 exhibebat,
555 2002 587 2059 id
610 2004 659 2060 est
680 2002 848 2077 Magonem,
882 2020 935 2078 per
957 2020 1086 2062 errorem
1108 2005 1212 2061 autem
1234 2003 1399 2062 Varronem
1423 2006 1579 2060 auctorem

296 2091 444 2149 laudavit.
495 2091 536 2148 Ut
564 2091 643 2149 enim
674 2092 705 2148 in
737 2092 925 2166 ephemeride
954 2092 1072 2150 rustica
1101 2110 1121 2149 a
1150 2091 1286 2150 Varrone
1316 2091 1491 2166 conscripta
1520 2093 1579 2149 hoo

296 2181 389 2238 luerit
420 2181 600 2255 expositum,
634 2181 673 2238 ad
704 2196 795 2255 quam
827 2180 989 2238 Gentillius
1020 2179 1073 2238 ll
1096 2199 1125 2255 p.
1144 2180 1221 2249 148,
1254 2180 1394 2238 adnot3
1427 2180 1579 2256 quaedam

299 2271 425 2327 secutus
451 2268 578 2326 Oderum
602 2267 631 2345 (l
648 2268 665 2327 l.
682 2287 710 2344 p.
729 2268 769 2327 65
786 2269 900 2347 adnot)
923 2269 1049 2338 rettulit,
1066 2269 1116 2327 vel
1132 2272 1291 2344 propterea
1305 2269 1372 2326 fieri
1386 2286 1448 2328 non
1464 2271 1576 2344 potest,

297 2358 382 2433 quod
405 2375 472 2415 eam
495 2374 630 2433 unquam
654 2359 809 2416 exstitisse
832 2359 894 2416 iam
916 2358 1172 2416 Reitzensteinius
1188 2358 1217 2436 (i
1233 2358 1252 2414 l.
1268 2377 1296 2434 p.
1313 2357 1355 2416 45
1367 2356 1424 2435 sq.)
1441 2375 1498 2416 suo
1513 2358 1578 2415 iure

298 2442 457 2523 negavit⁴l

404 2534 460 2593 His
483 2535 559 2593 locis
582 2536 729 2610 respectis
753 2535 856 2610 negari
879 2553 941 2594 non
956 2536 1027 2593 lieet
1041 2536 1206 2594 Varronem
1222 2536 1446 2612 quodammodo
1461 2552 1578 2610 geopo-

298 2624 389 2682 nicon
412 2642 480 2682 esse
502 2624 625 2683 iontem.
661 2624 720 2682 Sed
743 2625 775 2681 ni
796 2624 888 2682 iallor
911 2641 1020 2699 operae
1043 2626 1171 2700 pretium
1195 2627 1244 2682 est
1266 2625 1398 2683 breviter
1419 2625 1576 2700 inquirere,

299 2713 405 2789 qualia
435 2730 473 2770 ex
504 2730 539 2771 eo
570 2713 685 2771 hausta
715 2713 785 2771 sint
831 2715 967 2789 Apparet
989 2716 1091 2772 autem
1114 2715 1209 2789 primo
1232 2714 1300 2772 loco
1324 2731 1362 2772 ea
1384 2731 1453 2772 esse
1475 2716 1578 2772 traus-

298 2801 371 2870 lata,
407 2802 439 2858 in
471 2801 582 2877 quibus
612 2802 709 2860 Varro
740 2819 860 2860 summa
891 2804 982 2861 etiam
1012 2806 1078 2860 tum
1108 2805 1175 2861 erat
1204 2802 1396 2870 auctoritate,
1429 2819 1497 2860 cum
1519 2802 1579 2860 fuit

298 2889 461 2948 Anatolius
484 2890 625 2966 Berytius
650 2894 681 2949 et
697 2890 845 2966 Didymus
861 2892 1095 2959 Alexandrinus,
1121 2909 1199 2966 quos
1215 2909 1283 2950 esse
1299 2891 1487 2965 geoponioon
1503 2909 1578 2949 auc·

298 2982 381 3037 tores
412 2979 525 3054 primos
556 2979 613 3038 viri
644 2980 725 3038 docti
755 2977 901 3057 putante>
947 2980 1049 3038 Altero
1080 2981 1147 3039 loeo
1178 2997 1241 3038 non
1270 2982 1334 3037 tam
1364 2998 1412 3038 res
1436 2981 1475 3038 ad
1499 2980 1578 3054 agri-

298 3068 448 3126 culturam
479 3069 632 3144 pertinens
655 3067 808 3126 translata
830 3071 887 3136 est,
920 3071 974 3128 sed
997 3070 1101 3144 potius
1125 3087 1170 3133 ea.
1195 3087 1274 3144 quae
1297 3069 1399 3126 nescio
1424 3086 1514 3143 quam
1538 3069 1577 3126 ob

299 3174 425 3216 causam
448 3157 592 3215 memoris
615 3157 706 3232 digna
728 3157 889 3216 videbatur
910 3160 946 3215 ut
968 3158 1156 3233 geoponicon
1178 3157 1295 3216 auctori
1318 3158 1363 3216 sie
1379 3159 1471 3216 etiam
1487 3156 1578 3215 Colu-

299 3245 415 3304 mellas.
461 3245 561 3304 Tertio
586 3250 691 3304 eontra
714 3247 790 3315 loeo,
816 3264 876 3323 quo
900 3249 1095 3322 praeceptum
1118 3264 1209 3304 usum
1232 3246 1418 3304 cotidianum
1434 3248 1577 3321 spectans

299 3336 455 3406 profertur,
479 3335 576 3393 Varro
600 3339 707 3393 auctor
729 3353 790 3394 non
813 3339 868 3394 est
914 3335 1060 3393 Nimirum
1076 3336 1182 3404 exeis,
1201 3353 1281 3411 quae
1295 3335 1385 3394 modo
1402 3335 1576 3402 statuimus,

298 3541 410 3612 linguae
427 3540 599 3608 thesaurum,
619 3544 651 3597 ut
668 3544 709 3596 iia
727 3544 824 3609 dicam,
844 3559 906 3597 esse
924 3545 1073 3614 receptam.
1106 3543 1183 3610 Quae
1200 3559 1264 3596 cum
1281 3543 1323 3597 ita
1334 3541 1398 3606 sint,
1417 3558 1475 3596 non
1487 3542 1578 3607 video,

298 3630 347 3668 cur
365 3613 465 3669 Nissen
484 3613 501 3669 l.
514 3614 532 3669 l.
546 3614 619 3668 hanc
636 3630 737 3669 vocem
754 3614 888 3684 neglegat
905 3615 967 3669 eius
984 3615 1048 3668 loco
1066 3613 1250 3682 ἡμιαμφόριον
1263 3615 1293 3667 et
1304 3611 1448 3682 ἦμικάῦιον
1461 3628 1577 3683 ponens,

298 3701 390 3756 neque
408 3686 459 3750 est,
485 3701 534 3739 cur
552 3688 681 3755 putemus
699 3686 875 3755 geoponicon
893 3689 1046 3750 auctorem,
1072 3686 1119 3756 qui
1137 3684 1320 3740 Columellam
1338 3684 1384 3738 hic
1402 3684 1577 3754 expresserit,

299 3772 357 3810 non
376 3756 543 3824 cognovisse
561 3756 634 3810 hauc
652 3773 751 3811 vocem
769 3773 888 3828 eamque
907 3757 942 3810 ob
962 3773 1077 3812 causam
1095 3772 1145 3827 pro
1164 3755 1289 3818 ἕξακοσια
1307 3753 1478 3824 ἧμιαμῳόρια
1490 3755 1578 3809 malu-

298 3827 354 3881 isse
372 3843 476 3897 ponere
497 3828 679 3894 ,τριακοσίους
697 3826 861 3894 ἇμφορέας“.
1018 3889 1023 3895 .

407 3897 425 3968 ¹]
444 3896 472 3953 C.
492 3912 602 3968 semper
627 3915 677 3969 pro
702 3898 838 3968 amphora
862 3899 931 3952 duas
950 3914 1034 3952 urnas
1053 3898 1181 3968 posuisse
1199 3898 1316 3953 videtur.
1354 3895 1395 3950 cf.
1409 3897 1437 3952 Ο.
1450 3896 1579 3962 ΧΠ21,2

299 3972 329 4023 et
346 3969 576 4039 geop.V1113,2,
606 3970 653 4040 qui
671 3969 726 4024 loci
744 3971 772 4022 in
791 3970 891 4023 ceteris
909 3971 993 4024 rebus
1011 3985 1125 4040 prorsus
1144 3969 1245 4023 diversi
1263 3970 1338 4034 sunt,
1356 3968 1397 4022 ita
1414 3971 1447 4022 ut
1458 3968 1531 4022 alter
1543 3984 1579 4020 ex

297 4040 389 4095 altero
407 4056 466 4094 non
483 4040 605 4096 fluxerit.

406 4111 480 4249 lt:
498 4110 888 4265 tharisiensis
901 4111 988 4248 hil
1004 4111 1142 4264 illiti:
1162 4200 1188 4253 p.
1202 4183 1245 4238 a.
1355 4253 1360 4264 ,

405 4253 424 4322 ⁴)
443 4253 506 4308 Non
532 4269 605 4307 emm
630 4270 664 4307 ea
688 4271 723 4308 ex
748 4252 924 4323 ephemerrde
948 4255 1088 4308 rustica
1115 4254 1217 4307 hausta
1244 4268 1306 4308 esse
1333 4252 1477 4318 videntur,
1506 4268 1579 4323 quae

298 4325 457 4380 Priscianus
476 4324 495 4393 (I
514 4341 540 4394 p.
554 4324 608 4378 256
626 4323 696 4394 Keil)
715 4325 809 4379 affert.
827 4325 859 4380 P.
872 4325 948 4378 Jahn
973 4324 1138 4394 (Jahresber.
1152 4326 1178 4380 d.
1191 4324 1372 4379 Kollnisohen
1392 4323 1523 4394 Gymnas.
1543 4339 1580 4376 nu

298 4395 399 4461 Berlin,
424 4397 525 4450 Ostem
545 4395 635 4464 1905),
661 4397 707 4466 qui
725 4395 877 4465 Vergilium
902 4397 930 4450 in
956 4400 1056 4467 quarto
1081 4398 1233 4466 georgicon
1257 4395 1327 4450 libro
1352 4393 1506 4448 Varronem
1530 4394 1579 4447 ad·

300 4467 422 4522 hibuisse
447 4467 578 4522 ostendit.
603 4471 732 4549 nostrum
756 4467 808 4521 has
831 4468 907 4538 ipsas
930 4484 975 4521 res
998 4468 1110 4522 uberius
1133 4471 1271 4522 tractasse
1295 4468 1377 4538 putat
1400 4469 1436 4537 (p.
1450 4464 1484 4535 3).
1523 4465 1579 4520 Sed

298 4537 683 4678 ”gumlltssffr‘ilalillulge'o
705 4653 711 4664 .
730 4608 794 4666 aare.
814 4609 891 4673 1781,
917 4609 986 4680 pror.
1005 4626 1031 4680 p.
1044 4609 1089 4676 in,
1108 4609 1183 4676 nvn
1208 4610 1284 4664 aaa
1307 4607 1480 4679 1.1.p.ass;
1505 4607 1579 4661 oder

299 4679 316 4735 l.
329 4680 347 4736 l.
367 4697 393 4750 p.
406 4680 503 4749 68sq.;
524 4681 643 4750 Gruppe,
690 4697 780 4735 ermes
797 4680 835 4734 XI
855 4680 925 4736 1876
944 4699 969 4752 p.
983 4679 1044 4736 237.
